%YAML 1.1
%TAG !u! tag:unity3d.com,2011:
--- !u!1001 &6485690173212826639
PrefabInstance:
  m_ObjectHideFlags: 0
  serializedVersion: 2
  m_Modification:
    serializedVersion: 3
    m_TransformParent: {fileID: 0}
    m_Modifications:
    - target: {fileID: 1402773645679045009, guid: 33bd8828c4f9d144cb4285cf9d726346, type: 3}
      propertyPath: m_Icon
      value: 
      objectReference: {fileID: 0}
    - target: {fileID: 1402773645679045009, guid: 33bd8828c4f9d144cb4285cf9d726346, type: 3}
      propertyPath: m_Name
      value: Contact Point Option
      objectReference: {fileID: 0}
    - target: {fileID: 1402773645679045009, guid: 33bd8828c4f9d144cb4285cf9d726346, type: 3}
      propertyPath: m_IsActive
      value: 1
      objectReference: {fileID: 0}
    - target: {fileID: 1402773645679045011, guid: 33bd8828c4f9d144cb4285cf9d726346, type: 3}
      propertyPath: m_Enabled
      value: 1
      objectReference: {fileID: 0}
    - target: {fileID: 1402773645679045011, guid: 33bd8828c4f9d144cb4285cf9d726346, type: 3}
      propertyPath: 'm_Materials.Array.data[0]'
      value: 
      objectReference: {fileID: 2100000, guid: b61446fa7c6f4e440a805428aabb14c0, type: 2}
    - target: {fileID: 1402773645679045021, guid: 33bd8828c4f9d144cb4285cf9d726346, type: 3}
      propertyPath: m_RootOrder
      value: 0
      objectReference: {fileID: 0}
    - target: {fileID: 1402773645679045021, guid: 33bd8828c4f9d144cb4285cf9d726346, type: 3}
      propertyPath: m_LocalScale.x
      value: 0.1
      objectReference: {fileID: 0}
    - target: {fileID: 1402773645679045021, guid: 33bd8828c4f9d144cb4285cf9d726346, type: 3}
      propertyPath: m_LocalScale.y
      value: 0.1
      objectReference: {fileID: 0}
    - target: {fileID: 1402773645679045021, guid: 33bd8828c4f9d144cb4285cf9d726346, type: 3}
      propertyPath: m_LocalScale.z
      value: 0.1
      objectReference: {fileID: 0}
    - target: {fileID: 1402773645679045021, guid: 33bd8828c4f9d144cb4285cf9d726346, type: 3}
      propertyPath: m_LocalPosition.x
      value: 0
      objectReference: {fileID: 0}
    - target: {fileID: 1402773645679045021, guid: 33bd8828c4f9d144cb4285cf9d726346, type: 3}
      propertyPath: m_LocalPosition.y
      value: 0
      objectReference: {fileID: 0}
    - target: {fileID: 1402773645679045021, guid: 33bd8828c4f9d144cb4285cf9d726346, type: 3}
      propertyPath: m_LocalPosition.z
      value: 0
      objectReference: {fileID: 0}
    - target: {fileID: 1402773645679045021, guid: 33bd8828c4f9d144cb4285cf9d726346, type: 3}
      propertyPath: m_LocalRotation.w
      value: 1
      objectReference: {fileID: 0}
    - target: {fileID: 1402773645679045021, guid: 33bd8828c4f9d144cb4285cf9d726346, type: 3}
      propertyPath: m_LocalRotation.x
      value: -0
      objectReference: {fileID: 0}
    - target: {fileID: 1402773645679045021, guid: 33bd8828c4f9d144cb4285cf9d726346, type: 3}
      propertyPath: m_LocalRotation.y
      value: -0
      objectReference: {fileID: 0}
    - target: {fileID: 1402773645679045021, guid: 33bd8828c4f9d144cb4285cf9d726346, type: 3}
      propertyPath: m_LocalRotation.z
      value: -0
      objectReference: {fileID: 0}
    - target: {fileID: 1402773645679045021, guid: 33bd8828c4f9d144cb4285cf9d726346, type: 3}
      propertyPath: m_LocalEulerAnglesHint.x
      value: 0
      objectReference: {fileID: 0}
    - target: {fileID: 1402773645679045021, guid: 33bd8828c4f9d144cb4285cf9d726346, type: 3}
      propertyPath: m_LocalEulerAnglesHint.y
      value: 0
      objectReference: {fileID: 0}
    - target: {fileID: 1402773645679045021, guid: 33bd8828c4f9d144cb4285cf9d726346, type: 3}
      propertyPath: m_LocalEulerAnglesHint.z
      value: 0
      objectReference: {fileID: 0}
    - target: {fileID: 1944635188472165434, guid: 33bd8828c4f9d144cb4285cf9d726346, type: 3}
      propertyPath: m_LocalPosition.x
      value: 0
      objectReference: {fileID: 0}
    - target: {fileID: 4384600920867159851, guid: 33bd8828c4f9d144cb4285cf9d726346, type: 3}
      propertyPath: m_text
      value: Contact Point Option
      objectReference: {fileID: 0}
    - target: {fileID: 4384600920867159851, guid: 33bd8828c4f9d144cb4285cf9d726346, type: 3}
      propertyPath: m_fontSize
      value: 0.2
      objectReference: {fileID: 0}
    - target: {fileID: 4384600920867159851, guid: 33bd8828c4f9d144cb4285cf9d726346, type: 3}
      propertyPath: m_fontColor32.rgba
      value: 4278190080
      objectReference: {fileID: 0}
    - target: {fileID: 7198609694334595499, guid: 33bd8828c4f9d144cb4285cf9d726346, type: 3}
      propertyPath: m_IsActive
      value: 1
      objectReference: {fileID: 0}
    - target: {fileID: 9047757973887699495, guid: 33bd8828c4f9d144cb4285cf9d726346, type: 3}
      propertyPath: parent
      value: 
      objectReference: {fileID: 0}
    - target: {fileID: 9047757973887699495, guid: 33bd8828c4f9d144cb4285cf9d726346, type: 3}
      propertyPath: addEvents
      value: 0
      objectReference: {fileID: 0}
    - target: {fileID: 9047757973887699495, guid: 33bd8828c4f9d144cb4285cf9d726346, type: 3}
      propertyPath: m_Enabled
      value: 1
      objectReference: {fileID: 0}
    - target: {fileID: 9047757973887699495, guid: 33bd8828c4f9d144cb4285cf9d726346, type: 3}
      propertyPath: indexOfOnEndActivate
      value: 195
      objectReference: {fileID: 0}
    - target: {fileID: 9047757973887699495, guid: 33bd8828c4f9d144cb4285cf9d726346, type: 3}
      propertyPath: indexOfOnStartActivate
      value: 194
      objectReference: {fileID: 0}
    - target: {fileID: 9047757973887699495, guid: 33bd8828c4f9d144cb4285cf9d726346, type: 3}
      propertyPath: indexOfOnEndActivateUnityEvent
      value: 317
      objectReference: {fileID: 0}
    - target: {fileID: 9047757973887699495, guid: 33bd8828c4f9d144cb4285cf9d726346, type: 3}
      propertyPath: indexOfOnStartActivateUnityEvent
      value: 287
      objectReference: {fileID: 0}
    - target: {fileID: 9047757973887699495, guid: 33bd8828c4f9d144cb4285cf9d726346, type: 3}
      propertyPath: onSelected.m_PersistentCalls.m_Calls.Array.size
      value: 1
      objectReference: {fileID: 0}
    - target: {fileID: 9047757973887699495, guid: 33bd8828c4f9d144cb4285cf9d726346, type: 3}
      propertyPath: onActivated.m_PersistentCalls.m_Calls.Array.size
      value: 1
      objectReference: {fileID: 0}
    - target: {fileID: 9047757973887699495, guid: 33bd8828c4f9d144cb4285cf9d726346, type: 3}
      propertyPath: onStartActivate.m_PersistentCalls.m_Calls.Array.size
      value: 1
      objectReference: {fileID: 0}
    - target: {fileID: 9047757973887699495, guid: 33bd8828c4f9d144cb4285cf9d726346, type: 3}
      propertyPath: onSelected.m_PersistentCalls.m_Calls.Array.data[0].m_Mode
      value: 1
      objectReference: {fileID: 0}
    - target: {fileID: 9047757973887699495, guid: 33bd8828c4f9d144cb4285cf9d726346, type: 3}
      propertyPath: onActivated.m_PersistentCalls.m_Calls.Array.data[0].m_Mode
      value: 2
      objectReference: {fileID: 0}
    - target: {fileID: 9047757973887699495, guid: 33bd8828c4f9d144cb4285cf9d726346, type: 3}
      propertyPath: onActivated.m_PersistentCalls.m_Calls.Array.data[1].m_Mode
      value: 1
      objectReference: {fileID: 0}
    - target: {fileID: 9047757973887699495, guid: 33bd8828c4f9d144cb4285cf9d726346, type: 3}
      propertyPath: onSelected.m_PersistentCalls.m_Calls.Array.data[0].m_Target
      value: 
      objectReference: {fileID: 401978831062833532, guid: ae163ac3cb8e0a141a3db134676dd1e1, type: 3}
    - target: {fileID: 9047757973887699495, guid: 33bd8828c4f9d144cb4285cf9d726346, type: 3}
      propertyPath: onActivated.m_PersistentCalls.m_Calls.Array.data[0].m_Target
      value: 
      objectReference: {fileID: 4888156968062784403, guid: e9af4581e62d39f468fbc2533146424f, type: 3}
    - target: {fileID: 9047757973887699495, guid: 33bd8828c4f9d144cb4285cf9d726346, type: 3}
      propertyPath: onActivated.m_PersistentCalls.m_Calls.Array.data[1].m_Target
      value: 
      objectReference: {fileID: 0}
    - target: {fileID: 9047757973887699495, guid: 33bd8828c4f9d144cb4285cf9d726346, type: 3}
      propertyPath: onSelected.m_PersistentCalls.m_Calls.Array.data[0].m_CallState
      value: 2
      objectReference: {fileID: 0}
    - target: {fileID: 9047757973887699495, guid: 33bd8828c4f9d144cb4285cf9d726346, type: 3}
      propertyPath: onStartActivate.m_PersistentCalls.m_Calls.Array.data[0].m_Mode
      value: 2
      objectReference: {fileID: 0}
    - target: {fileID: 9047757973887699495, guid: 33bd8828c4f9d144cb4285cf9d726346, type: 3}
      propertyPath: onStartActivateUnityEvent.m_PersistentCalls.m_Calls.Array.size
      value: 1
      objectReference: {fileID: 0}
    - target: {fileID: 9047757973887699495, guid: 33bd8828c4f9d144cb4285cf9d726346, type: 3}
      propertyPath: onActivated.m_PersistentCalls.m_Calls.Array.data[0].m_CallState
      value: 2
      objectReference: {fileID: 0}
    - target: {fileID: 9047757973887699495, guid: 33bd8828c4f9d144cb4285cf9d726346, type: 3}
      propertyPath: onActivated.m_PersistentCalls.m_Calls.Array.data[1].m_CallState
      value: 2
      objectReference: {fileID: 0}
    - target: {fileID: 9047757973887699495, guid: 33bd8828c4f9d144cb4285cf9d726346, type: 3}
      propertyPath: onSelected.m_PersistentCalls.m_Calls.Array.data[0].m_MethodName
      value: RestartSceneWithoutTransition
      objectReference: {fileID: 0}
    - target: {fileID: 9047757973887699495, guid: 33bd8828c4f9d144cb4285cf9d726346, type: 3}
      propertyPath: onStartActivate.unityEvent.m_PersistentCalls.m_Calls.Array.size
      value: 1
      objectReference: {fileID: 0}
    - target: {fileID: 9047757973887699495, guid: 33bd8828c4f9d144cb4285cf9d726346, type: 3}
      propertyPath: onActivated.m_PersistentCalls.m_Calls.Array.data[0].m_MethodName
      value: ToggleGameObject
      objectReference: {fileID: 0}
    - target: {fileID: 9047757973887699495, guid: 33bd8828c4f9d144cb4285cf9d726346, type: 3}
      propertyPath: onActivated.m_PersistentCalls.m_Calls.Array.data[1].m_MethodName
      value: 
      objectReference: {fileID: 0}
    - target: {fileID: 9047757973887699495, guid: 33bd8828c4f9d144cb4285cf9d726346, type: 3}
      propertyPath: onStartActivate.m_PersistentCalls.m_Calls.Array.data[0].m_Target
      value: 
      objectReference: {fileID: 0}
    - target: {fileID: 9047757973887699495, guid: 33bd8828c4f9d144cb4285cf9d726346, type: 3}
      propertyPath: onStartActivate2.unityEvent.m_PersistentCalls.m_Calls.Array.size
      value: 1
      objectReference: {fileID: 0}
    - target: {fileID: 9047757973887699495, guid: 33bd8828c4f9d144cb4285cf9d726346, type: 3}
      propertyPath: onStartActivate.m_PersistentCalls.m_Calls.Array.data[0].m_CallState
      value: 2
      objectReference: {fileID: 0}
    - target: {fileID: 9047757973887699495, guid: 33bd8828c4f9d144cb4285cf9d726346, type: 3}
      propertyPath: onStartActivate.m_PersistentCalls.m_Calls.Array.data[0].m_MethodName
      value: DespawnChildren
      objectReference: {fileID: 0}
    - target: {fileID: 9047757973887699495, guid: 33bd8828c4f9d144cb4285cf9d726346, type: 3}
      propertyPath: onStartActivateUnityEvent.m_PersistentCalls.m_Calls.Array.data[0].m_Mode
      value: 2
      objectReference: {fileID: 0}
    - target: {fileID: 9047757973887699495, guid: 33bd8828c4f9d144cb4285cf9d726346, type: 3}
      propertyPath: onStartActivate.unityEvent.m_PersistentCalls.m_Calls.Array.data[0].m_Mode
      value: 2
      objectReference: {fileID: 0}
    - target: {fileID: 9047757973887699495, guid: 33bd8828c4f9d144cb4285cf9d726346, type: 3}
      propertyPath: onStartActivate2.unityEvent.m_PersistentCalls.m_Calls.Array.data[0].m_Mode
      value: 2
      objectReference: {fileID: 0}
    - target: {fileID: 9047757973887699495, guid: 33bd8828c4f9d144cb4285cf9d726346, type: 3}
      propertyPath: onStartActivateUnityEvent.m_PersistentCalls.m_Calls.Array.data[0].m_Target
      value: 
      objectReference: {fileID: 0}
    - target: {fileID: 9047757973887699495, guid: 33bd8828c4f9d144cb4285cf9d726346, type: 3}
      propertyPath: onSelected.m_PersistentCalls.m_Calls.Array.data[0].m_TargetAssemblyTypeName
      value: MusicMaker._SceneManager, Assembly-CSharp-firstpass
      objectReference: {fileID: 0}
    - target: {fileID: 9047757973887699495, guid: 33bd8828c4f9d144cb4285cf9d726346, type: 3}
      propertyPath: onStartActivate.unityEvent.m_PersistentCalls.m_Calls.Array.data[0].m_Target
      value: 
      objectReference: {fileID: 0}
    - target: {fileID: 9047757973887699495, guid: 33bd8828c4f9d144cb4285cf9d726346, type: 3}
      propertyPath: onActivated.m_PersistentCalls.m_Calls.Array.data[0].m_TargetAssemblyTypeName
      value: MusicMaker.GameManager, Assembly-CSharp-firstpass
      objectReference: {fileID: 0}
    - target: {fileID: 9047757973887699495, guid: 33bd8828c4f9d144cb4285cf9d726346, type: 3}
      propertyPath: onActivated.m_PersistentCalls.m_Calls.Array.data[1].m_TargetAssemblyTypeName
      value: MusicMaker.MakeMusic, Assembly-CSharp-firstpass
      objectReference: {fileID: 0}
    - target: {fileID: 9047757973887699495, guid: 33bd8828c4f9d144cb4285cf9d726346, type: 3}
      propertyPath: onStartActivate2.unityEvent.m_PersistentCalls.m_Calls.Array.data[0].m_Target
      value: 
      objectReference: {fileID: 0}
    - target: {fileID: 9047757973887699495, guid: 33bd8828c4f9d144cb4285cf9d726346, type: 3}
      propertyPath: onSelected.m_PersistentCalls.m_Calls.Array.data[0].m_Arguments.m_BoolArgument
      value: 0
      objectReference: {fileID: 0}
    - target: {fileID: 9047757973887699495, guid: 33bd8828c4f9d144cb4285cf9d726346, type: 3}
      propertyPath: onStartActivateUnityEvent.m_PersistentCalls.m_Calls.Array.data[0].m_CallState
      value: 2
      objectReference: {fileID: 0}
    - target: {fileID: 9047757973887699495, guid: 33bd8828c4f9d144cb4285cf9d726346, type: 3}
      propertyPath: onActivated.m_PersistentCalls.m_Calls.Array.data[0].m_Arguments.m_BoolArgument
      value: 1
      objectReference: {fileID: 0}
    - target: {fileID: 9047757973887699495, guid: 33bd8828c4f9d144cb4285cf9d726346, type: 3}
      propertyPath: onStartActivate.unityEvent.m_PersistentCalls.m_Calls.Array.data[0].m_CallState
      value: 2
      objectReference: {fileID: 0}
    - target: {fileID: 9047757973887699495, guid: 33bd8828c4f9d144cb4285cf9d726346, type: 3}
      propertyPath: onStartActivateUnityEvent.m_PersistentCalls.m_Calls.Array.data[0].m_MethodName
      value: DeleteChildren
      objectReference: {fileID: 0}
    - target: {fileID: 9047757973887699495, guid: 33bd8828c4f9d144cb4285cf9d726346, type: 3}
      propertyPath: onSelected.m_PersistentCalls.m_Calls.Array.data[0].m_Arguments.m_ObjectArgument
      value: 
      objectReference: {fileID: 0}
    - target: {fileID: 9047757973887699495, guid: 33bd8828c4f9d144cb4285cf9d726346, type: 3}
      propertyPath: onStartActivate.unityEvent.m_PersistentCalls.m_Calls.Array.data[0].m_MethodName
      value: DespawnChildren
      objectReference: {fileID: 0}
    - target: {fileID: 9047757973887699495, guid: 33bd8828c4f9d144cb4285cf9d726346, type: 3}
      propertyPath: onStartActivate2.unityEvent.m_PersistentCalls.m_Calls.Array.data[0].m_CallState
      value: 2
      objectReference: {fileID: 0}
    - target: {fileID: 9047757973887699495, guid: 33bd8828c4f9d144cb4285cf9d726346, type: 3}
      propertyPath: onActivated.m_PersistentCalls.m_Calls.Array.data[0].m_Arguments.m_ObjectArgument
      value: 
      objectReference: {fileID: 8748278641259622207, guid: 29b8cfa188ea88f13a017400c5710ceb, type: 3}
    - target: {fileID: 9047757973887699495, guid: 33bd8828c4f9d144cb4285cf9d726346, type: 3}
      propertyPath: onStartActivate.m_PersistentCalls.m_Calls.Array.data[0].m_TargetAssemblyTypeName
      value: _EternityEngine.EternityEngine, Assembly-CSharp-firstpass
      objectReference: {fileID: 0}
    - target: {fileID: 9047757973887699495, guid: 33bd8828c4f9d144cb4285cf9d726346, type: 3}
      propertyPath: onStartActivate2.unityEvent.m_PersistentCalls.m_Calls.Array.data[0].m_MethodName
      value: DespawnChildren
      objectReference: {fileID: 0}
    - target: {fileID: 9047757973887699495, guid: 33bd8828c4f9d144cb4285cf9d726346, type: 3}
      propertyPath: onStartActivate.m_PersistentCalls.m_Calls.Array.data[0].m_Arguments.m_BoolArgument
      value: 1
      objectReference: {fileID: 0}
    - target: {fileID: 9047757973887699495, guid: 33bd8828c4f9d144cb4285cf9d726346, type: 3}
      propertyPath: onStartActivate.m_PersistentCalls.m_Calls.Array.data[0].m_Arguments.m_ObjectArgument
      value: 
      objectReference: {fileID: 0}
    - target: {fileID: 9047757973887699495, guid: 33bd8828c4f9d144cb4285cf9d726346, type: 3}
      propertyPath: onStartActivateUnityEvent.m_PersistentCalls.m_Calls.Array.data[0].m_TargetAssemblyTypeName
      value: _EternityEngine.EternityEngine, Assembly-CSharp-firstpass
      objectReference: {fileID: 0}
    - target: {fileID: 9047757973887699495, guid: 33bd8828c4f9d144cb4285cf9d726346, type: 3}
      propertyPath: onStartActivate.unityEvent.m_PersistentCalls.m_Calls.Array.data[0].m_TargetAssemblyTypeName
      value: _EternityEngine.EternityEngine, Assembly-CSharp-firstpass
      objectReference: {fileID: 0}
    - target: {fileID: 9047757973887699495, guid: 33bd8828c4f9d144cb4285cf9d726346, type: 3}
      propertyPath: onStartActivate2.unityEvent.m_PersistentCalls.m_Calls.Array.data[0].m_TargetAssemblyTypeName
      value: _EternityEngine.EternityEngine, Assembly-CSharp-firstpass
      objectReference: {fileID: 0}
    - target: {fileID: 9047757973887699495, guid: 33bd8828c4f9d144cb4285cf9d726346, type: 3}
      propertyPath: onStartActivateUnityEvent.m_PersistentCalls.m_Calls.Array.data[0].m_Arguments.m_BoolArgument
      value: 1
      objectReference: {fileID: 0}
    - target: {fileID: 9047757973887699495, guid: 33bd8828c4f9d144cb4285cf9d726346, type: 3}
      propertyPath: onStartActivate.unityEvent.m_PersistentCalls.m_Calls.Array.data[0].m_Arguments.m_BoolArgument
      value: 1
      objectReference: {fileID: 0}
    - target: {fileID: 9047757973887699495, guid: 33bd8828c4f9d144cb4285cf9d726346, type: 3}
      propertyPath: onStartActivate2.unityEvent.m_PersistentCalls.m_Calls.Array.data[0].m_Arguments.m_BoolArgument
      value: 1
      objectReference: {fileID: 0}
    - target: {fileID: 9047757973887699495, guid: 33bd8828c4f9d144cb4285cf9d726346, type: 3}
      propertyPath: onStartActivateUnityEvent.m_PersistentCalls.m_Calls.Array.data[0].m_Arguments.m_ObjectArgument
      value: 
      objectReference: {fileID: 0}
    - target: {fileID: 9047757973887699495, guid: 33bd8828c4f9d144cb4285cf9d726346, type: 3}
      propertyPath: onSelected.m_PersistentCalls.m_Calls.Array.data[0].m_Arguments.m_ObjectArgumentAssemblyTypeName
      value: UnityEngine.Object, UnityEngine
      objectReference: {fileID: 0}
    - target: {fileID: 9047757973887699495, guid: 33bd8828c4f9d144cb4285cf9d726346, type: 3}
      propertyPath: onStartActivate.unityEvent.m_PersistentCalls.m_Calls.Array.data[0].m_Arguments.m_ObjectArgument
      value: 
      objectReference: {fileID: 0}
    - target: {fileID: 9047757973887699495, guid: 33bd8828c4f9d144cb4285cf9d726346, type: 3}
      propertyPath: onActivated.m_PersistentCalls.m_Calls.Array.data[0].m_Arguments.m_ObjectArgumentAssemblyTypeName
      value: UnityEngine.GameObject, UnityEngine
      objectReference: {fileID: 0}
    - target: {fileID: 9047757973887699495, guid: 33bd8828c4f9d144cb4285cf9d726346, type: 3}
      propertyPath: onActivated.m_PersistentCalls.m_Calls.Array.data[1].m_Arguments.m_ObjectArgumentAssemblyTypeName
      value: 
      objectReference: {fileID: 0}
    - target: {fileID: 9047757973887699495, guid: 33bd8828c4f9d144cb4285cf9d726346, type: 3}
      propertyPath: onStartActivate2.unityEvent.m_PersistentCalls.m_Calls.Array.data[0].m_Arguments.m_ObjectArgument
      value: 
      objectReference: {fileID: 0}
    - target: {fileID: 9047757973887699495, guid: 33bd8828c4f9d144cb4285cf9d726346, type: 3}
      propertyPath: onStartActivate.m_PersistentCalls.m_Calls.Array.data[0].m_Arguments.m_ObjectArgumentAssemblyTypeName
      value: _EternityEngine.Option, Assembly-CSharp-firstpass
      objectReference: {fileID: 0}
    - target: {fileID: 9047757973887699495, guid: 33bd8828c4f9d144cb4285cf9d726346, type: 3}
      propertyPath: onStartActivateUnityEvent.m_PersistentCalls.m_Calls.Array.data[0].m_Arguments.m_ObjectArgumentAssemblyTypeName
      value: _EternityEngine.Option, Assembly-CSharp-firstpass
      objectReference: {fileID: 0}
    - target: {fileID: 9047757973887699495, guid: 33bd8828c4f9d144cb4285cf9d726346, type: 3}
      propertyPath: onStartActivate.unityEvent.m_PersistentCalls.m_Calls.Array.data[0].m_Arguments.m_ObjectArgumentAssemblyTypeName
      value: _EternityEngine.Option, Assembly-CSharp-firstpass
      objectReference: {fileID: 0}
    - target: {fileID: 9047757973887699495, guid: 33bd8828c4f9d144cb4285cf9d726346, type: 3}
      propertyPath: onStartActivate2.unityEvent.m_PersistentCalls.m_Calls.Array.data[0].m_Arguments.m_ObjectArgumentAssemblyTypeName
      value: _EternityEngine.Option, Assembly-CSharp-firstpass
      objectReference: {fileID: 0}
    m_RemovedComponents:
    - {fileID: 9047757973887699495, guid: 33bd8828c4f9d144cb4285cf9d726346, type: 3}
    m_RemovedGameObjects: []
    m_AddedGameObjects: []
    m_AddedComponents:
    - targetCorrespondingSourceObject: {fileID: 1402773645679045009, guid: 33bd8828c4f9d144cb4285cf9d726346, type: 3}
      insertIndex: -1
      addedObject: {fileID: 9127491622289769500}
  m_SourcePrefab: {fileID: 100100000, guid: 33bd8828c4f9d144cb4285cf9d726346, type: 3}
--- !u!54 &3021887410151309059 stripped
Rigidbody:
  m_CorrespondingSourceObject: {fileID: 8353660878966268684, guid: 33bd8828c4f9d144cb4285cf9d726346, type: 3}
  m_PrefabInstance: {fileID: 6485690173212826639}
  m_PrefabAsset: {fileID: 0}
--- !u!224 &3086550300854197982 stripped
RectTransform:
  m_CorrespondingSourceObject: {fileID: 8130244159200920273, guid: 33bd8828c4f9d144cb4285cf9d726346, type: 3}
  m_PrefabInstance: {fileID: 6485690173212826639}
  m_PrefabAsset: {fileID: 0}
--- !u!224 &3835062487707714470 stripped
RectTransform:
  m_CorrespondingSourceObject: {fileID: 8014487430078472105, guid: 33bd8828c4f9d144cb4285cf9d726346, type: 3}
  m_PrefabInstance: {fileID: 6485690173212826639}
  m_PrefabAsset: {fileID: 0}
--- !u!4 &4683030849942988853 stripped
Transform:
  m_CorrespondingSourceObject: {fileID: 1944635188472165434, guid: 33bd8828c4f9d144cb4285cf9d726346, type: 3}
  m_PrefabInstance: {fileID: 6485690173212826639}
  m_PrefabAsset: {fileID: 0}
--- !u!4 &5293537070213313938 stripped
Transform:
  m_CorrespondingSourceObject: {fileID: 1402773645679045021, guid: 33bd8828c4f9d144cb4285cf9d726346, type: 3}
  m_PrefabInstance: {fileID: 6485690173212826639}
  m_PrefabAsset: {fileID: 0}
--- !u!33 &5293537070213313939 stripped
MeshFilter:
  m_CorrespondingSourceObject: {fileID: 1402773645679045020, guid: 33bd8828c4f9d144cb4285cf9d726346, type: 3}
  m_PrefabInstance: {fileID: 6485690173212826639}
  m_PrefabAsset: {fileID: 0}
--- !u!23 &5293537070213313948 stripped
MeshRenderer:
  m_CorrespondingSourceObject: {fileID: 1402773645679045011, guid: 33bd8828c4f9d144cb4285cf9d726346, type: 3}
  m_PrefabInstance: {fileID: 6485690173212826639}
  m_PrefabAsset: {fileID: 0}
--- !u!135 &5293537070213313949 stripped
SphereCollider:
  m_CorrespondingSourceObject: {fileID: 1402773645679045010, guid: 33bd8828c4f9d144cb4285cf9d726346, type: 3}
  m_PrefabInstance: {fileID: 6485690173212826639}
  m_PrefabAsset: {fileID: 0}
--- !u!1 &5293537070213313950 stripped
GameObject:
  m_CorrespondingSourceObject: {fileID: 1402773645679045009, guid: 33bd8828c4f9d144cb4285cf9d726346, type: 3}
  m_PrefabInstance: {fileID: 6485690173212826639}
  m_PrefabAsset: {fileID: 0}
--- !u!114 &9127491622289769500
MonoBehaviour:
  m_ObjectHideFlags: 0
  m_CorrespondingSourceObject: {fileID: 0}
  m_PrefabInstance: {fileID: 0}
  m_PrefabAsset: {fileID: 0}
  m_GameObject: {fileID: 5293537070213313950}
  m_Enabled: 1
  m_EditorHideFlags: 0
  m_Script: {fileID: 11500000, guid: a7faad045332eeadb8e77cc945f3a501, type: 3}
  m_Name: 
  m_EditorClassIdentifier: 
  trs: {fileID: 5293537070213313938}
  prefabIndex: 31
  collidable: 1
  activatable: 1
  notActivatableColorOffset:
    redOffset:
      operation: 0
      value: -0.35
    greenOffset:
      operation: 0
      value: -0.35
    blueOffset:
      operation: 0
      value: -0.35
    alphaOffset:
      operation: 0
      value: 0
  selectedColorOffset:
    redOffset:
      operation: 0
      value: 0.25
    greenOffset:
      operation: 0
      value: 0.25
    blueOffset:
      operation: 0
      value: 0.25
    alphaOffset:
      operation: 0
      value: 0
  rigid: {fileID: 3021887410151309059}
  collider: {fileID: 5293537070213313949}
  renderer: {fileID: 5293537070213313948}
  uiTrs: {fileID: 3086550300854197982}
  textTrs: {fileID: 3835062487707714470}
  childOptionsParent: {fileID: 4683030849942988853}
  text: {fileID: 7410945414812443428}
  hasHiddenChildIndicator: {fileID: 5697972035636402532}
  hasHiddenParentIndicator: {fileID: 8309717816790835698}
  justEnabled: 0
  previousJustEnabled: 0
  children: []
  parentingArrows: []
  recordingActivateInAutomationSequence: 0
  meshFilter: {fileID: 5293537070213313939}
  activateAnimationEntry:
    animatorStateName: Activate
    layer: 0
    animator: {fileID: 5294423545689462474}
  valueType: 0
  pointVector3Option: {fileID: 0}
  normalVector3Option: {fileID: 0}
--- !u!95 &5294423545689462474 stripped
Animator:
  m_CorrespondingSourceObject: {fileID: 1402975670872525509, guid: 33bd8828c4f9d144cb4285cf9d726346, type: 3}
  m_PrefabInstance: {fileID: 6485690173212826639}
  m_PrefabAsset: {fileID: 0}
--- !u!1 &5697972035636402532 stripped
GameObject:
  m_CorrespondingSourceObject: {fileID: 1518434049203373419, guid: 33bd8828c4f9d144cb4285cf9d726346, type: 3}
  m_PrefabInstance: {fileID: 6485690173212826639}
  m_PrefabAsset: {fileID: 0}
--- !u!114 &7410945414812443428 stripped
MonoBehaviour:
  m_CorrespondingSourceObject: {fileID: 4384600920867159851, guid: 33bd8828c4f9d144cb4285cf9d726346, type: 3}
  m_PrefabInstance: {fileID: 6485690173212826639}
  m_PrefabAsset: {fileID: 0}
  m_GameObject: {fileID: 0}
  m_Enabled: 1
  m_EditorHideFlags: 0
  m_Script: {fileID: 11500000, guid: f4688fdb7df04437aeb418b961361dc5, type: 3}
  m_Name: 
  m_EditorClassIdentifier: 
--- !u!1 &8309717816790835698 stripped
GameObject:
  m_CorrespondingSourceObject: {fileID: 2977935478836887037, guid: 33bd8828c4f9d144cb4285cf9d726346, type: 3}
  m_PrefabInstance: {fileID: 6485690173212826639}
  m_PrefabAsset: {fileID: 0}
