%YAML 1.1
%TAG !u! tag:unity3d.com,2011:
--- !u!1001 &3004631409102331044
PrefabInstance:
  m_ObjectHideFlags: 0
  serializedVersion: 2
  m_Modification:
    serializedVersion: 3
    m_TransformParent: {fileID: 0}
    m_Modifications:
    - target: {fileID: 1402773645679045009, guid: 33bd8828c4f9d144cb4285cf9d726346, type: 3}
      propertyPath: m_Name
      value: Download Text Option
      objectReference: {fileID: 0}
    - target: {fileID: 1402773645679045021, guid: 33bd8828c4f9d144cb4285cf9d726346, type: 3}
      propertyPath: m_RootOrder
      value: 0
      objectReference: {fileID: 0}
    - target: {fileID: 1402773645679045021, guid: 33bd8828c4f9d144cb4285cf9d726346, type: 3}
      propertyPath: m_LocalPosition.x
      value: 0
      objectReference: {fileID: 0}
    - target: {fileID: 1402773645679045021, guid: 33bd8828c4f9d144cb4285cf9d726346, type: 3}
      propertyPath: m_LocalPosition.y
      value: 0
      objectReference: {fileID: 0}
    - target: {fileID: 1402773645679045021, guid: 33bd8828c4f9d144cb4285cf9d726346, type: 3}
      propertyPath: m_LocalPosition.z
      value: 0
      objectReference: {fileID: 0}
    - target: {fileID: 1402773645679045021, guid: 33bd8828c4f9d144cb4285cf9d726346, type: 3}
      propertyPath: m_LocalRotation.w
      value: 1
      objectReference: {fileID: 0}
    - target: {fileID: 1402773645679045021, guid: 33bd8828c4f9d144cb4285cf9d726346, type: 3}
      propertyPath: m_LocalRotation.x
      value: 0
      objectReference: {fileID: 0}
    - target: {fileID: 1402773645679045021, guid: 33bd8828c4f9d144cb4285cf9d726346, type: 3}
      propertyPath: m_LocalRotation.y
      value: 0
      objectReference: {fileID: 0}
    - target: {fileID: 1402773645679045021, guid: 33bd8828c4f9d144cb4285cf9d726346, type: 3}
      propertyPath: m_LocalRotation.z
      value: 0
      objectReference: {fileID: 0}
    - target: {fileID: 1402773645679045021, guid: 33bd8828c4f9d144cb4285cf9d726346, type: 3}
      propertyPath: m_LocalEulerAnglesHint.x
      value: 0
      objectReference: {fileID: 0}
    - target: {fileID: 1402773645679045021, guid: 33bd8828c4f9d144cb4285cf9d726346, type: 3}
      propertyPath: m_LocalEulerAnglesHint.y
      value: 0
      objectReference: {fileID: 0}
    - target: {fileID: 1402773645679045021, guid: 33bd8828c4f9d144cb4285cf9d726346, type: 3}
      propertyPath: m_LocalEulerAnglesHint.z
      value: 0
      objectReference: {fileID: 0}
    - target: {fileID: 4384600920867159851, guid: 33bd8828c4f9d144cb4285cf9d726346, type: 3}
      propertyPath: m_text
      value: Delete Children Option
      objectReference: {fileID: 0}
    - target: {fileID: 4384600920867159851, guid: 33bd8828c4f9d144cb4285cf9d726346, type: 3}
      propertyPath: m_fontSize
      value: 0.2
      objectReference: {fileID: 0}
    - target: {fileID: 4384600920867159851, guid: 33bd8828c4f9d144cb4285cf9d726346, type: 3}
      propertyPath: m_fontColor32.rgba
      value: 4278190080
      objectReference: {fileID: 0}
    m_RemovedComponents:
    - {fileID: 9047757973887699495, guid: 33bd8828c4f9d144cb4285cf9d726346, type: 3}
    m_RemovedGameObjects: []
    m_AddedGameObjects: []
    m_AddedComponents:
    - targetCorrespondingSourceObject: {fileID: 1402773645679045009, guid: 33bd8828c4f9d144cb4285cf9d726346, type: 3}
      insertIndex: -1
      addedObject: {fileID: 4025722059246074213}
  m_SourcePrefab: {fileID: 100100000, guid: 33bd8828c4f9d144cb4285cf9d726346, type: 3}
--- !u!1 &63429531420877145 stripped
GameObject:
  m_CorrespondingSourceObject: {fileID: 2977935478836887037, guid: 33bd8828c4f9d144cb4285cf9d726346, type: 3}
  m_PrefabInstance: {fileID: 3004631409102331044}
  m_PrefabAsset: {fileID: 0}
--- !u!114 &1543506614313919375 stripped
MonoBehaviour:
  m_CorrespondingSourceObject: {fileID: 4384600920867159851, guid: 33bd8828c4f9d144cb4285cf9d726346, type: 3}
  m_PrefabInstance: {fileID: 3004631409102331044}
  m_PrefabAsset: {fileID: 0}
  m_GameObject: {fileID: 0}
  m_Enabled: 1
  m_EditorHideFlags: 0
  m_Script: {fileID: 11500000, guid: f4688fdb7df04437aeb418b961361dc5, type: 3}
  m_Name: 
  m_EditorClassIdentifier: 
--- !u!4 &3696931095294322846 stripped
Transform:
  m_CorrespondingSourceObject: {fileID: 1944635188472165434, guid: 33bd8828c4f9d144cb4285cf9d726346, type: 3}
  m_PrefabInstance: {fileID: 3004631409102331044}
  m_PrefabAsset: {fileID: 0}
--- !u!1 &4234860750159230261 stripped
GameObject:
  m_CorrespondingSourceObject: {fileID: 1402773645679045009, guid: 33bd8828c4f9d144cb4285cf9d726346, type: 3}
  m_PrefabInstance: {fileID: 3004631409102331044}
  m_PrefabAsset: {fileID: 0}
--- !u!114 &4025722059246074213
MonoBehaviour:
  m_ObjectHideFlags: 0
  m_CorrespondingSourceObject: {fileID: 0}
  m_PrefabInstance: {fileID: 0}
  m_PrefabAsset: {fileID: 0}
  m_GameObject: {fileID: 4234860750159230261}
  m_Enabled: 1
  m_EditorHideFlags: 0
  m_Script: {fileID: 11500000, guid: 9e0bc4fb5b26a9bc7a60afc747b0c631, type: 3}
  m_Name: 
  m_EditorClassIdentifier: 
  trs: {fileID: 4234860750159230265}
  prefabIndex: 191
  collidable: 1
  activatable: 1
  notActivatableColorOffset:
    redOffset:
      operation: 0
      value: -0.35
    greenOffset:
      operation: 0
      value: -0.35
    blueOffset:
      operation: 0
      value: -0.35
    alphaOffset:
      operation: 0
      value: 0
  selectedColorOffset:
    redOffset:
      operation: 0
      value: 0.25
    greenOffset:
      operation: 0
      value: 0.25
    blueOffset:
      operation: 0
      value: 0.25
    alphaOffset:
      operation: 0
      value: 0
  rigid: {fileID: 6511274976284917672}
  collider: {fileID: 4234860750159230262}
  renderer: {fileID: 4234860750159230263}
  uiTrs: {fileID: 6442106402979389045}
  textTrs: {fileID: 5083356174538998541}
  childOptionsParent: {fileID: 3696931095294322846}
  text: {fileID: 1543506614313919375}
  hasHiddenChildIndicator: {fileID: 4368517897596082639}
  hasHiddenParentIndicator: {fileID: 63429531420877145}
  justEnabled: 0
  previousJustEnabled: 0
  children: []
  parentingArrows: []
  recordingActivateInAutomationSequence: 0
  meshFilter: {fileID: 4234860750159230264}
  activateAnimationEntry:
    animatorStateName: Activate
    layer: 0
    animator: {fileID: 4236416826874648161}
  valueType: 0
  divOption: {fileID: 0}
--- !u!135 &4234860750159230262 stripped
SphereCollider:
  m_CorrespondingSourceObject: {fileID: 1402773645679045010, guid: 33bd8828c4f9d144cb4285cf9d726346, type: 3}
  m_PrefabInstance: {fileID: 3004631409102331044}
  m_PrefabAsset: {fileID: 0}
--- !u!23 &4234860750159230263 stripped
MeshRenderer:
  m_CorrespondingSourceObject: {fileID: 1402773645679045011, guid: 33bd8828c4f9d144cb4285cf9d726346, type: 3}
  m_PrefabInstance: {fileID: 3004631409102331044}
  m_PrefabAsset: {fileID: 0}
--- !u!33 &4234860750159230264 stripped
MeshFilter:
  m_CorrespondingSourceObject: {fileID: 1402773645679045020, guid: 33bd8828c4f9d144cb4285cf9d726346, type: 3}
  m_PrefabInstance: {fileID: 3004631409102331044}
  m_PrefabAsset: {fileID: 0}
--- !u!4 &4234860750159230265 stripped
Transform:
  m_CorrespondingSourceObject: {fileID: 1402773645679045021, guid: 33bd8828c4f9d144cb4285cf9d726346, type: 3}
  m_PrefabInstance: {fileID: 3004631409102331044}
  m_PrefabAsset: {fileID: 0}
--- !u!95 &4236416826874648161 stripped
Animator:
  m_CorrespondingSourceObject: {fileID: 1402975670872525509, guid: 33bd8828c4f9d144cb4285cf9d726346, type: 3}
  m_PrefabInstance: {fileID: 3004631409102331044}
  m_PrefabAsset: {fileID: 0}
--- !u!1 &4368517897596082639 stripped
GameObject:
  m_CorrespondingSourceObject: {fileID: 1518434049203373419, guid: 33bd8828c4f9d144cb4285cf9d726346, type: 3}
  m_PrefabInstance: {fileID: 3004631409102331044}
  m_PrefabAsset: {fileID: 0}
--- !u!224 &5083356174538998541 stripped
RectTransform:
  m_CorrespondingSourceObject: {fileID: 8014487430078472105, guid: 33bd8828c4f9d144cb4285cf9d726346, type: 3}
  m_PrefabInstance: {fileID: 3004631409102331044}
  m_PrefabAsset: {fileID: 0}
--- !u!224 &6442106402979389045 stripped
RectTransform:
  m_CorrespondingSourceObject: {fileID: 8130244159200920273, guid: 33bd8828c4f9d144cb4285cf9d726346, type: 3}
  m_PrefabInstance: {fileID: 3004631409102331044}
  m_PrefabAsset: {fileID: 0}
--- !u!54 &6511274976284917672 stripped
Rigidbody:
  m_CorrespondingSourceObject: {fileID: 8353660878966268684, guid: 33bd8828c4f9d144cb4285cf9d726346, type: 3}
  m_PrefabInstance: {fileID: 3004631409102331044}
  m_PrefabAsset: {fileID: 0}
