%YAML 1.1
%TAG !u! tag:unity3d.com,2011:
--- !u!1001 &8131223195385869543
PrefabInstance:
  m_ObjectHideFlags: 0
  serializedVersion: 2
  m_Modification:
    serializedVersion: 3
    m_TransformParent: {fileID: 0}
    m_Modifications:
    - target: {fileID: 1402773645679045009, guid: 33bd8828c4f9d144cb4285cf9d726346, type: 3}
      propertyPath: m_Name
      value: Import Folder Option
      objectReference: {fileID: 0}
    - target: {fileID: 1402773645679045021, guid: 33bd8828c4f9d144cb4285cf9d726346, type: 3}
      propertyPath: m_RootOrder
      value: 0
      objectReference: {fileID: 0}
    - target: {fileID: 1402773645679045021, guid: 33bd8828c4f9d144cb4285cf9d726346, type: 3}
      propertyPath: m_LocalPosition.x
      value: 0
      objectReference: {fileID: 0}
    - target: {fileID: 1402773645679045021, guid: 33bd8828c4f9d144cb4285cf9d726346, type: 3}
      propertyPath: m_LocalPosition.y
      value: 0
      objectReference: {fileID: 0}
    - target: {fileID: 1402773645679045021, guid: 33bd8828c4f9d144cb4285cf9d726346, type: 3}
      propertyPath: m_LocalPosition.z
      value: 0
      objectReference: {fileID: 0}
    - target: {fileID: 1402773645679045021, guid: 33bd8828c4f9d144cb4285cf9d726346, type: 3}
      propertyPath: m_LocalRotation.w
      value: 1
      objectReference: {fileID: 0}
    - target: {fileID: 1402773645679045021, guid: 33bd8828c4f9d144cb4285cf9d726346, type: 3}
      propertyPath: m_LocalRotation.x
      value: 0
      objectReference: {fileID: 0}
    - target: {fileID: 1402773645679045021, guid: 33bd8828c4f9d144cb4285cf9d726346, type: 3}
      propertyPath: m_LocalRotation.y
      value: 0
      objectReference: {fileID: 0}
    - target: {fileID: 1402773645679045021, guid: 33bd8828c4f9d144cb4285cf9d726346, type: 3}
      propertyPath: m_LocalRotation.z
      value: 0
      objectReference: {fileID: 0}
    - target: {fileID: 1402773645679045021, guid: 33bd8828c4f9d144cb4285cf9d726346, type: 3}
      propertyPath: m_LocalEulerAnglesHint.x
      value: 0
      objectReference: {fileID: 0}
    - target: {fileID: 1402773645679045021, guid: 33bd8828c4f9d144cb4285cf9d726346, type: 3}
      propertyPath: m_LocalEulerAnglesHint.y
      value: 0
      objectReference: {fileID: 0}
    - target: {fileID: 1402773645679045021, guid: 33bd8828c4f9d144cb4285cf9d726346, type: 3}
      propertyPath: m_LocalEulerAnglesHint.z
      value: 0
      objectReference: {fileID: 0}
    - target: {fileID: 4384600920867159851, guid: 33bd8828c4f9d144cb4285cf9d726346, type: 3}
      propertyPath: m_text
      value: Typing Option
      objectReference: {fileID: 0}
    m_RemovedComponents:
    - {fileID: 9047757973887699495, guid: 33bd8828c4f9d144cb4285cf9d726346, type: 3}
    m_RemovedGameObjects: []
    m_AddedGameObjects: []
    m_AddedComponents:
    - targetCorrespondingSourceObject: {fileID: 1402773645679045009, guid: 33bd8828c4f9d144cb4285cf9d726346, type: 3}
      insertIndex: -1
      addedObject: {fileID: 5363387474588193594}
  m_SourcePrefab: {fileID: 100100000, guid: 33bd8828c4f9d144cb4285cf9d726346, type: 3}
--- !u!224 &991307983599158 stripped
RectTransform:
  m_CorrespondingSourceObject: {fileID: 8130244159200920273, guid: 33bd8828c4f9d144cb4285cf9d726346, type: 3}
  m_PrefabInstance: {fileID: 8131223195385869543}
  m_PrefabAsset: {fileID: 0}
--- !u!54 &232430320337065963 stripped
Rigidbody:
  m_CorrespondingSourceObject: {fileID: 8353660878966268684, guid: 33bd8828c4f9d144cb4285cf9d726346, type: 3}
  m_PrefabInstance: {fileID: 8131223195385869543}
  m_PrefabAsset: {fileID: 0}
--- !u!224 &2300993822035618638 stripped
RectTransform:
  m_CorrespondingSourceObject: {fileID: 8014487430078472105, guid: 33bd8828c4f9d144cb4285cf9d726346, type: 3}
  m_PrefabInstance: {fileID: 8131223195385869543}
  m_PrefabAsset: {fileID: 0}
--- !u!114 &5480549951690181580 stripped
MonoBehaviour:
  m_CorrespondingSourceObject: {fileID: 4384600920867159851, guid: 33bd8828c4f9d144cb4285cf9d726346, type: 3}
  m_PrefabInstance: {fileID: 8131223195385869543}
  m_PrefabAsset: {fileID: 0}
  m_GameObject: {fileID: 0}
  m_Enabled: 1
  m_EditorHideFlags: 0
  m_Script: {fileID: 11500000, guid: f4688fdb7df04437aeb418b961361dc5, type: 3}
  m_Name: 
  m_EditorClassIdentifier: 
--- !u!1 &6450325509015259418 stripped
GameObject:
  m_CorrespondingSourceObject: {fileID: 2977935478836887037, guid: 33bd8828c4f9d144cb4285cf9d726346, type: 3}
  m_PrefabInstance: {fileID: 8131223195385869543}
  m_PrefabAsset: {fileID: 0}
--- !u!23 &7178825047897709940 stripped
MeshRenderer:
  m_CorrespondingSourceObject: {fileID: 1402773645679045011, guid: 33bd8828c4f9d144cb4285cf9d726346, type: 3}
  m_PrefabInstance: {fileID: 8131223195385869543}
  m_PrefabAsset: {fileID: 0}
--- !u!135 &7178825047897709941 stripped
SphereCollider:
  m_CorrespondingSourceObject: {fileID: 1402773645679045010, guid: 33bd8828c4f9d144cb4285cf9d726346, type: 3}
  m_PrefabInstance: {fileID: 8131223195385869543}
  m_PrefabAsset: {fileID: 0}
--- !u!1 &7178825047897709942 stripped
GameObject:
  m_CorrespondingSourceObject: {fileID: 1402773645679045009, guid: 33bd8828c4f9d144cb4285cf9d726346, type: 3}
  m_PrefabInstance: {fileID: 8131223195385869543}
  m_PrefabAsset: {fileID: 0}
--- !u!114 &5363387474588193594
MonoBehaviour:
  m_ObjectHideFlags: 0
  m_CorrespondingSourceObject: {fileID: 0}
  m_PrefabInstance: {fileID: 0}
  m_PrefabAsset: {fileID: 0}
  m_GameObject: {fileID: 7178825047897709942}
  m_Enabled: 1
  m_EditorHideFlags: 0
  m_Script: {fileID: 11500000, guid: be56493a09b8fef42a95f30743f4aeba, type: 3}
  m_Name: 
  m_EditorClassIdentifier: 
  trs: {fileID: 7178825047897709946}
  prefabIndex: 156
  collidable: 1
  activatable: 1
  notActivatableColorOffset:
    redOffset:
      operation: 0
      value: -0.35
    greenOffset:
      operation: 0
      value: -0.35
    blueOffset:
      operation: 0
      value: -0.35
    alphaOffset:
      operation: 0
      value: 0
  selectedColorOffset:
    redOffset:
      operation: 0
      value: 0.25
    greenOffset:
      operation: 0
      value: 0.25
    blueOffset:
      operation: 0
      value: 0.25
    alphaOffset:
      operation: 0
      value: 0
  rigid: {fileID: 232430320337065963}
  collider: {fileID: 7178825047897709941}
  renderer: {fileID: 7178825047897709940}
  uiTrs: {fileID: 991307983599158}
  textTrs: {fileID: 2300993822035618638}
  childOptionsParent: {fileID: 7650299706731364573}
  text: {fileID: 5480549951690181580}
  hasHiddenChildIndicator: {fileID: 7333381725315412364}
  hasHiddenParentIndicator: {fileID: 6450325509015259418}
  justEnabled: 0
  previousJustEnabled: 0
  children: []
  parentingArrows: []
  recordingActivateInAutomationSequence: 0
  meshFilter: {fileID: 7178825047897709947}
  activateAnimationEntry:
    animatorStateName: Activate
    layer: 0
    animator: {fileID: 7183160704239369762}
  valueType: 0
  folderPath: 
--- !u!4 &7178825047897709946 stripped
Transform:
  m_CorrespondingSourceObject: {fileID: 1402773645679045021, guid: 33bd8828c4f9d144cb4285cf9d726346, type: 3}
  m_PrefabInstance: {fileID: 8131223195385869543}
  m_PrefabAsset: {fileID: 0}
--- !u!33 &7178825047897709947 stripped
MeshFilter:
  m_CorrespondingSourceObject: {fileID: 1402773645679045020, guid: 33bd8828c4f9d144cb4285cf9d726346, type: 3}
  m_PrefabInstance: {fileID: 8131223195385869543}
  m_PrefabAsset: {fileID: 0}
--- !u!95 &7183160704239369762 stripped
Animator:
  m_CorrespondingSourceObject: {fileID: 1402975670872525509, guid: 33bd8828c4f9d144cb4285cf9d726346, type: 3}
  m_PrefabInstance: {fileID: 8131223195385869543}
  m_PrefabAsset: {fileID: 0}
--- !u!1 &7333381725315412364 stripped
GameObject:
  m_CorrespondingSourceObject: {fileID: 1518434049203373419, guid: 33bd8828c4f9d144cb4285cf9d726346, type: 3}
  m_PrefabInstance: {fileID: 8131223195385869543}
  m_PrefabAsset: {fileID: 0}
--- !u!4 &7650299706731364573 stripped
Transform:
  m_CorrespondingSourceObject: {fileID: 1944635188472165434, guid: 33bd8828c4f9d144cb4285cf9d726346, type: 3}
  m_PrefabInstance: {fileID: 8131223195385869543}
  m_PrefabAsset: {fileID: 0}
