%YAML 1.1
%TAG !u! tag:unity3d.com,2011:
--- !u!1001 &2036924823752585028
PrefabInstance:
  m_ObjectHideFlags: 0
  serializedVersion: 2
  m_Modification:
    serializedVersion: 3
    m_TransformParent: {fileID: 0}
    m_Modifications:
    - target: {fileID: 1402773645679045009, guid: 33bd8828c4f9d144cb4285cf9d726346, type: 3}
      propertyPath: m_Icon
      value: 
      objectReference: {fileID: 0}
    - target: {fileID: 1402773645679045009, guid: 33bd8828c4f9d144cb4285cf9d726346, type: 3}
      propertyPath: m_Name
      value: Get Children Transform Values Option
      objectReference: {fileID: 0}
    - target: {fileID: 1402773645679045009, guid: 33bd8828c4f9d144cb4285cf9d726346, type: 3}
      propertyPath: m_IsActive
      value: 1
      objectReference: {fileID: 0}
    - target: {fileID: 1402773645679045010, guid: 33bd8828c4f9d144cb4285cf9d726346, type: 3}
      propertyPath: m_IsTrigger
      value: 0
      objectReference: {fileID: 0}
    - target: {fileID: 1402773645679045011, guid: 33bd8828c4f9d144cb4285cf9d726346, type: 3}
      propertyPath: m_Enabled
      value: 1
      objectReference: {fileID: 0}
    - target: {fileID: 1402773645679045021, guid: 33bd8828c4f9d144cb4285cf9d726346, type: 3}
      propertyPath: m_RootOrder
      value: 0
      objectReference: {fileID: 0}
    - target: {fileID: 1402773645679045021, guid: 33bd8828c4f9d144cb4285cf9d726346, type: 3}
      propertyPath: m_LocalScale.x
      value: 0.1
      objectReference: {fileID: 0}
    - target: {fileID: 1402773645679045021, guid: 33bd8828c4f9d144cb4285cf9d726346, type: 3}
      propertyPath: m_LocalScale.y
      value: 0.1
      objectReference: {fileID: 0}
    - target: {fileID: 1402773645679045021, guid: 33bd8828c4f9d144cb4285cf9d726346, type: 3}
      propertyPath: m_LocalScale.z
      value: 0.1
      objectReference: {fileID: 0}
    - target: {fileID: 1402773645679045021, guid: 33bd8828c4f9d144cb4285cf9d726346, type: 3}
      propertyPath: m_LocalPosition.x
      value: 0
      objectReference: {fileID: 0}
    - target: {fileID: 1402773645679045021, guid: 33bd8828c4f9d144cb4285cf9d726346, type: 3}
      propertyPath: m_LocalPosition.y
      value: 0
      objectReference: {fileID: 0}
    - target: {fileID: 1402773645679045021, guid: 33bd8828c4f9d144cb4285cf9d726346, type: 3}
      propertyPath: m_LocalPosition.z
      value: 0
      objectReference: {fileID: 0}
    - target: {fileID: 1402773645679045021, guid: 33bd8828c4f9d144cb4285cf9d726346, type: 3}
      propertyPath: m_LocalRotation.w
      value: 1
      objectReference: {fileID: 0}
    - target: {fileID: 1402773645679045021, guid: 33bd8828c4f9d144cb4285cf9d726346, type: 3}
      propertyPath: m_LocalRotation.x
      value: -0
      objectReference: {fileID: 0}
    - target: {fileID: 1402773645679045021, guid: 33bd8828c4f9d144cb4285cf9d726346, type: 3}
      propertyPath: m_LocalRotation.y
      value: -0
      objectReference: {fileID: 0}
    - target: {fileID: 1402773645679045021, guid: 33bd8828c4f9d144cb4285cf9d726346, type: 3}
      propertyPath: m_LocalRotation.z
      value: -0
      objectReference: {fileID: 0}
    - target: {fileID: 1402773645679045021, guid: 33bd8828c4f9d144cb4285cf9d726346, type: 3}
      propertyPath: m_LocalEulerAnglesHint.x
      value: 0
      objectReference: {fileID: 0}
    - target: {fileID: 1402773645679045021, guid: 33bd8828c4f9d144cb4285cf9d726346, type: 3}
      propertyPath: m_LocalEulerAnglesHint.y
      value: 0
      objectReference: {fileID: 0}
    - target: {fileID: 1402773645679045021, guid: 33bd8828c4f9d144cb4285cf9d726346, type: 3}
      propertyPath: m_LocalEulerAnglesHint.z
      value: 0
      objectReference: {fileID: 0}
    - target: {fileID: 4384600920867159851, guid: 33bd8828c4f9d144cb4285cf9d726346, type: 3}
      propertyPath: m_text
      value: Get Transform Values Of Children
      objectReference: {fileID: 0}
    - target: {fileID: 4384600920867159851, guid: 33bd8828c4f9d144cb4285cf9d726346, type: 3}
      propertyPath: m_fontSize
      value: 0.15
      objectReference: {fileID: 0}
    - target: {fileID: 4384600920867159851, guid: 33bd8828c4f9d144cb4285cf9d726346, type: 3}
      propertyPath: m_fontColor32.rgba
      value: 4278190080
      objectReference: {fileID: 0}
    - target: {fileID: 7198609694334595499, guid: 33bd8828c4f9d144cb4285cf9d726346, type: 3}
      propertyPath: m_IsActive
      value: 1
      objectReference: {fileID: 0}
    - target: {fileID: 9047757973887699495, guid: 33bd8828c4f9d144cb4285cf9d726346, type: 3}
      propertyPath: addEvents
      value: 0
      objectReference: {fileID: 0}
    - target: {fileID: 9047757973887699495, guid: 33bd8828c4f9d144cb4285cf9d726346, type: 3}
      propertyPath: m_Enabled
      value: 1
      objectReference: {fileID: 0}
    - target: {fileID: 9047757973887699495, guid: 33bd8828c4f9d144cb4285cf9d726346, type: 3}
      propertyPath: indexOfOnEndActivate
      value: 245
      objectReference: {fileID: 0}
    - target: {fileID: 9047757973887699495, guid: 33bd8828c4f9d144cb4285cf9d726346, type: 3}
      propertyPath: indexOfOnStartActivate
      value: 244
      objectReference: {fileID: 0}
    - target: {fileID: 9047757973887699495, guid: 33bd8828c4f9d144cb4285cf9d726346, type: 3}
      propertyPath: indexOfOnEndActivateUnityEvent
      value: 11
      objectReference: {fileID: 0}
    - target: {fileID: 9047757973887699495, guid: 33bd8828c4f9d144cb4285cf9d726346, type: 3}
      propertyPath: indexOfOnStartActivateUnityEvent
      value: 27
      objectReference: {fileID: 0}
    - target: {fileID: 9047757973887699495, guid: 33bd8828c4f9d144cb4285cf9d726346, type: 3}
      propertyPath: onStartActivate.m_PersistentCalls.m_Calls.Array.size
      value: 1
      objectReference: {fileID: 0}
    - target: {fileID: 9047757973887699495, guid: 33bd8828c4f9d144cb4285cf9d726346, type: 3}
      propertyPath: onStartActivate.m_PersistentCalls.m_Calls.Array.data[0].m_Mode
      value: 6
      objectReference: {fileID: 0}
    - target: {fileID: 9047757973887699495, guid: 33bd8828c4f9d144cb4285cf9d726346, type: 3}
      propertyPath: onStartActivateUnityEvent.m_PersistentCalls.m_Calls.Array.size
      value: 1
      objectReference: {fileID: 0}
    - target: {fileID: 9047757973887699495, guid: 33bd8828c4f9d144cb4285cf9d726346, type: 3}
      propertyPath: onStartActivate.unityEvent.m_PersistentCalls.m_Calls.Array.size
      value: 1
      objectReference: {fileID: 0}
    - target: {fileID: 9047757973887699495, guid: 33bd8828c4f9d144cb4285cf9d726346, type: 3}
      propertyPath: onStartActivate.m_PersistentCalls.m_Calls.Array.data[0].m_Target
      value: 
      objectReference: {fileID: 1095284448402343637}
    - target: {fileID: 9047757973887699495, guid: 33bd8828c4f9d144cb4285cf9d726346, type: 3}
      propertyPath: onStartActivate2.unityEvent.m_PersistentCalls.m_Calls.Array.size
      value: 1
      objectReference: {fileID: 0}
    - target: {fileID: 9047757973887699495, guid: 33bd8828c4f9d144cb4285cf9d726346, type: 3}
      propertyPath: onStartActivate.m_PersistentCalls.m_Calls.Array.data[0].m_CallState
      value: 2
      objectReference: {fileID: 0}
    - target: {fileID: 9047757973887699495, guid: 33bd8828c4f9d144cb4285cf9d726346, type: 3}
      propertyPath: onStartActivate.m_PersistentCalls.m_Calls.Array.data[0].m_MethodName
      value: SetActive
      objectReference: {fileID: 0}
    - target: {fileID: 9047757973887699495, guid: 33bd8828c4f9d144cb4285cf9d726346, type: 3}
      propertyPath: onStartActivateUnityEvent.m_PersistentCalls.m_Calls.Array.data[0].m_Mode
      value: 2
      objectReference: {fileID: 0}
    - target: {fileID: 9047757973887699495, guid: 33bd8828c4f9d144cb4285cf9d726346, type: 3}
      propertyPath: onStartActivate.unityEvent.m_PersistentCalls.m_Calls.Array.data[0].m_Mode
      value: 2
      objectReference: {fileID: 0}
    - target: {fileID: 9047757973887699495, guid: 33bd8828c4f9d144cb4285cf9d726346, type: 3}
      propertyPath: onStartActivate2.unityEvent.m_PersistentCalls.m_Calls.Array.data[0].m_Mode
      value: 6
      objectReference: {fileID: 0}
    - target: {fileID: 9047757973887699495, guid: 33bd8828c4f9d144cb4285cf9d726346, type: 3}
      propertyPath: onStartActivateUnityEvent.m_PersistentCalls.m_Calls.Array.data[0].m_Target
      value: 
      objectReference: {fileID: 833713908, guid: e9af4581e62d39f468fbc2533146424f, type: 3}
    - target: {fileID: 9047757973887699495, guid: 33bd8828c4f9d144cb4285cf9d726346, type: 3}
      propertyPath: onStartActivate.unityEvent.m_PersistentCalls.m_Calls.Array.data[0].m_Target
      value: 
      objectReference: {fileID: 833713908, guid: e9af4581e62d39f468fbc2533146424f, type: 3}
    - target: {fileID: 9047757973887699495, guid: 33bd8828c4f9d144cb4285cf9d726346, type: 3}
      propertyPath: onStartActivate2.unityEvent.m_PersistentCalls.m_Calls.Array.data[0].m_Target
      value: 
      objectReference: {fileID: 1095284448402343637}
    - target: {fileID: 9047757973887699495, guid: 33bd8828c4f9d144cb4285cf9d726346, type: 3}
      propertyPath: onStartActivateUnityEvent.m_PersistentCalls.m_Calls.Array.data[0].m_CallState
      value: 2
      objectReference: {fileID: 0}
    - target: {fileID: 9047757973887699495, guid: 33bd8828c4f9d144cb4285cf9d726346, type: 3}
      propertyPath: onStartActivate.unityEvent.m_PersistentCalls.m_Calls.Array.data[0].m_CallState
      value: 2
      objectReference: {fileID: 0}
    - target: {fileID: 9047757973887699495, guid: 33bd8828c4f9d144cb4285cf9d726346, type: 3}
      propertyPath: onStartActivateUnityEvent.m_PersistentCalls.m_Calls.Array.data[0].m_MethodName
      value: ToggleChildren
      objectReference: {fileID: 0}
    - target: {fileID: 9047757973887699495, guid: 33bd8828c4f9d144cb4285cf9d726346, type: 3}
      propertyPath: onStartActivate.unityEvent.m_PersistentCalls.m_Calls.Array.data[0].m_MethodName
      value: HideOptionAndChildren
      objectReference: {fileID: 0}
    - target: {fileID: 9047757973887699495, guid: 33bd8828c4f9d144cb4285cf9d726346, type: 3}
      propertyPath: onStartActivate2.unityEvent.m_PersistentCalls.m_Calls.Array.data[0].m_CallState
      value: 2
      objectReference: {fileID: 0}
    - target: {fileID: 9047757973887699495, guid: 33bd8828c4f9d144cb4285cf9d726346, type: 3}
      propertyPath: onStartActivate.m_PersistentCalls.m_Calls.Array.data[0].m_TargetAssemblyTypeName
      value: UnityEngine.GameObject, UnityEngine
      objectReference: {fileID: 0}
    - target: {fileID: 9047757973887699495, guid: 33bd8828c4f9d144cb4285cf9d726346, type: 3}
      propertyPath: onStartActivate2.unityEvent.m_PersistentCalls.m_Calls.Array.data[0].m_MethodName
      value: SetActive
      objectReference: {fileID: 0}
    - target: {fileID: 9047757973887699495, guid: 33bd8828c4f9d144cb4285cf9d726346, type: 3}
      propertyPath: onStartActivateUnityEvent.m_PersistentCalls.m_Calls.Array.data[0].m_TargetAssemblyTypeName
      value: _EternityEngine.EternityEngine, Assembly-CSharp-firstpass
      objectReference: {fileID: 0}
    - target: {fileID: 9047757973887699495, guid: 33bd8828c4f9d144cb4285cf9d726346, type: 3}
      propertyPath: onStartActivate.unityEvent.m_PersistentCalls.m_Calls.Array.data[0].m_TargetAssemblyTypeName
      value: _EternityEngine.EternityEngine, Assembly-CSharp-firstpass
      objectReference: {fileID: 0}
    - target: {fileID: 9047757973887699495, guid: 33bd8828c4f9d144cb4285cf9d726346, type: 3}
      propertyPath: onStartActivate2.unityEvent.m_PersistentCalls.m_Calls.Array.data[0].m_TargetAssemblyTypeName
      value: UnityEngine.GameObject, UnityEngine
      objectReference: {fileID: 0}
    - target: {fileID: 9047757973887699495, guid: 33bd8828c4f9d144cb4285cf9d726346, type: 3}
      propertyPath: onStartActivateUnityEvent.m_PersistentCalls.m_Calls.Array.data[0].m_Arguments.m_ObjectArgument
      value: 
      objectReference: {fileID: 0}
    - target: {fileID: 9047757973887699495, guid: 33bd8828c4f9d144cb4285cf9d726346, type: 3}
      propertyPath: onStartActivate.unityEvent.m_PersistentCalls.m_Calls.Array.data[0].m_Arguments.m_ObjectArgument
      value: 
      objectReference: {fileID: 0}
    - target: {fileID: 9047757973887699495, guid: 33bd8828c4f9d144cb4285cf9d726346, type: 3}
      propertyPath: onStartActivate.m_PersistentCalls.m_Calls.Array.data[0].m_Arguments.m_ObjectArgumentAssemblyTypeName
      value: UnityEngine.Object, UnityEngine
      objectReference: {fileID: 0}
    - target: {fileID: 9047757973887699495, guid: 33bd8828c4f9d144cb4285cf9d726346, type: 3}
      propertyPath: onStartActivateUnityEvent.m_PersistentCalls.m_Calls.Array.data[0].m_Arguments.m_ObjectArgumentAssemblyTypeName
      value: _EternityEngine.Option, Assembly-CSharp-firstpass
      objectReference: {fileID: 0}
    - target: {fileID: 9047757973887699495, guid: 33bd8828c4f9d144cb4285cf9d726346, type: 3}
      propertyPath: onStartActivate.unityEvent.m_PersistentCalls.m_Calls.Array.data[0].m_Arguments.m_ObjectArgumentAssemblyTypeName
      value: _EternityEngine.Option, Assembly-CSharp-firstpass
      objectReference: {fileID: 0}
    - target: {fileID: 9047757973887699495, guid: 33bd8828c4f9d144cb4285cf9d726346, type: 3}
      propertyPath: onStartActivate2.unityEvent.m_PersistentCalls.m_Calls.Array.data[0].m_Arguments.m_ObjectArgumentAssemblyTypeName
      value: UnityEngine.Object, UnityEngine
      objectReference: {fileID: 0}
    m_RemovedComponents:
    - {fileID: 9047757973887699495, guid: 33bd8828c4f9d144cb4285cf9d726346, type: 3}
    m_RemovedGameObjects: []
    m_AddedGameObjects: []
    m_AddedComponents:
    - targetCorrespondingSourceObject: {fileID: 1402773645679045009, guid: 33bd8828c4f9d144cb4285cf9d726346, type: 3}
      insertIndex: -1
      addedObject: {fileID: 8093518544566601413}
  m_SourcePrefab: {fileID: 100100000, guid: 33bd8828c4f9d144cb4285cf9d726346, type: 3}
--- !u!4 &484180061338540926 stripped
Transform:
  m_CorrespondingSourceObject: {fileID: 1944635188472165434, guid: 33bd8828c4f9d144cb4285cf9d726346, type: 3}
  m_PrefabInstance: {fileID: 2036924823752585028}
  m_PrefabAsset: {fileID: 0}
--- !u!1 &672747102099647023 stripped
GameObject:
  m_CorrespondingSourceObject: {fileID: 1518434049203373419, guid: 33bd8828c4f9d144cb4285cf9d726346, type: 3}
  m_PrefabInstance: {fileID: 2036924823752585028}
  m_PrefabAsset: {fileID: 0}
--- !u!1 &1095284448402343637 stripped
GameObject:
  m_CorrespondingSourceObject: {fileID: 1402773645679045009, guid: 33bd8828c4f9d144cb4285cf9d726346, type: 3}
  m_PrefabInstance: {fileID: 2036924823752585028}
  m_PrefabAsset: {fileID: 0}
--- !u!114 &8093518544566601413
MonoBehaviour:
  m_ObjectHideFlags: 0
  m_CorrespondingSourceObject: {fileID: 0}
  m_PrefabInstance: {fileID: 0}
  m_PrefabAsset: {fileID: 0}
  m_GameObject: {fileID: 1095284448402343637}
  m_Enabled: 1
  m_EditorHideFlags: 0
  m_Script: {fileID: 11500000, guid: f8a488e5b5d00958b9b2025110bb66b6, type: 3}
  m_Name: 
  m_EditorClassIdentifier: 
  trs: {fileID: 1095284448402343641}
  prefabIndex: 32
  collidable: 1
  activatable: 1
  notActivatableColorOffset:
    redOffset:
      operation: 0
      value: -0.35
    greenOffset:
      operation: 0
      value: -0.35
    blueOffset:
      operation: 0
      value: -0.35
    alphaOffset:
      operation: 0
      value: 0
  selectedColorOffset:
    redOffset:
      operation: 0
      value: 0.25
    greenOffset:
      operation: 0
      value: 0.25
    blueOffset:
      operation: 0
      value: 0.25
    alphaOffset:
      operation: 0
      value: 0
  rigid: {fileID: 8046443909606149192}
  collider: {fileID: 1095284448402343638}
  renderer: {fileID: 1095284448402343639}
  uiTrs: {fileID: 7823018262768070037}
  textTrs: {fileID: 8322002914983522541}
  childOptionsParent: {fileID: 484180061338540926}
  text: {fileID: 2350218316503683183}
  hasHiddenChildIndicator: {fileID: 672747102099647023}
  hasHiddenParentIndicator: {fileID: 3825628523568583353}
  justEnabled: 0
  previousJustEnabled: 0
  children: []
  parentingArrows: []
  recordingActivateInAutomationSequence: 0
  meshFilter: {fileID: 1095284448402343640}
  activateAnimationEntry:
    animatorStateName: Activate
    layer: 0
    animator: {fileID: 1097966426103080321}
  valueType: 0
  transformOptionPrefab: {fileID: 4127946161709957296, guid: 51e93034cbbddd5268be324d87a85fa1, type: 3}
--- !u!135 &1095284448402343638 stripped
SphereCollider:
  m_CorrespondingSourceObject: {fileID: 1402773645679045010, guid: 33bd8828c4f9d144cb4285cf9d726346, type: 3}
  m_PrefabInstance: {fileID: 2036924823752585028}
  m_PrefabAsset: {fileID: 0}
--- !u!23 &1095284448402343639 stripped
MeshRenderer:
  m_CorrespondingSourceObject: {fileID: 1402773645679045011, guid: 33bd8828c4f9d144cb4285cf9d726346, type: 3}
  m_PrefabInstance: {fileID: 2036924823752585028}
  m_PrefabAsset: {fileID: 0}
--- !u!33 &1095284448402343640 stripped
MeshFilter:
  m_CorrespondingSourceObject: {fileID: 1402773645679045020, guid: 33bd8828c4f9d144cb4285cf9d726346, type: 3}
  m_PrefabInstance: {fileID: 2036924823752585028}
  m_PrefabAsset: {fileID: 0}
--- !u!4 &1095284448402343641 stripped
Transform:
  m_CorrespondingSourceObject: {fileID: 1402773645679045021, guid: 33bd8828c4f9d144cb4285cf9d726346, type: 3}
  m_PrefabInstance: {fileID: 2036924823752585028}
  m_PrefabAsset: {fileID: 0}
--- !u!95 &1097966426103080321 stripped
Animator:
  m_CorrespondingSourceObject: {fileID: 1402975670872525509, guid: 33bd8828c4f9d144cb4285cf9d726346, type: 3}
  m_PrefabInstance: {fileID: 2036924823752585028}
  m_PrefabAsset: {fileID: 0}
--- !u!114 &2350218316503683183 stripped
MonoBehaviour:
  m_CorrespondingSourceObject: {fileID: 4384600920867159851, guid: 33bd8828c4f9d144cb4285cf9d726346, type: 3}
  m_PrefabInstance: {fileID: 2036924823752585028}
  m_PrefabAsset: {fileID: 0}
  m_GameObject: {fileID: 0}
  m_Enabled: 1
  m_EditorHideFlags: 0
  m_Script: {fileID: 11500000, guid: f4688fdb7df04437aeb418b961361dc5, type: 3}
  m_Name: 
  m_EditorClassIdentifier: 
--- !u!1 &3825628523568583353 stripped
GameObject:
  m_CorrespondingSourceObject: {fileID: 2977935478836887037, guid: 33bd8828c4f9d144cb4285cf9d726346, type: 3}
  m_PrefabInstance: {fileID: 2036924823752585028}
  m_PrefabAsset: {fileID: 0}
--- !u!224 &7823018262768070037 stripped
RectTransform:
  m_CorrespondingSourceObject: {fileID: 8130244159200920273, guid: 33bd8828c4f9d144cb4285cf9d726346, type: 3}
  m_PrefabInstance: {fileID: 2036924823752585028}
  m_PrefabAsset: {fileID: 0}
--- !u!54 &8046443909606149192 stripped
Rigidbody:
  m_CorrespondingSourceObject: {fileID: 8353660878966268684, guid: 33bd8828c4f9d144cb4285cf9d726346, type: 3}
  m_PrefabInstance: {fileID: 2036924823752585028}
  m_PrefabAsset: {fileID: 0}
--- !u!224 &8322002914983522541 stripped
RectTransform:
  m_CorrespondingSourceObject: {fileID: 8014487430078472105, guid: 33bd8828c4f9d144cb4285cf9d726346, type: 3}
  m_PrefabInstance: {fileID: 2036924823752585028}
  m_PrefabAsset: {fileID: 0}
