%YAML 1.1
%TAG !u! tag:unity3d.com,2011:
--- !u!1001 &4351769127380142718
PrefabInstance:
  m_ObjectHideFlags: 0
  serializedVersion: 2
  m_Modification:
    serializedVersion: 3
    m_TransformParent: {fileID: 0}
    m_Modifications:
    - target: {fileID: 1402773645679045009, guid: 33bd8828c4f9d144cb4285cf9d726346, type: 3}
      propertyPath: m_Name
      value: Code Command Run Repeatedly Option
      objectReference: {fileID: 0}
    - target: {fileID: 1402773645679045009, guid: 33bd8828c4f9d144cb4285cf9d726346, type: 3}
      propertyPath: m_IsActive
      value: 1
      objectReference: {fileID: 0}
    - target: {fileID: 1402773645679045021, guid: 33bd8828c4f9d144cb4285cf9d726346, type: 3}
      propertyPath: m_RootOrder
      value: 0
      objectReference: {fileID: 0}
    - target: {fileID: 1402773645679045021, guid: 33bd8828c4f9d144cb4285cf9d726346, type: 3}
      propertyPath: m_LocalPosition.x
      value: 0
      objectReference: {fileID: 0}
    - target: {fileID: 1402773645679045021, guid: 33bd8828c4f9d144cb4285cf9d726346, type: 3}
      propertyPath: m_LocalPosition.y
      value: 0
      objectReference: {fileID: 0}
    - target: {fileID: 1402773645679045021, guid: 33bd8828c4f9d144cb4285cf9d726346, type: 3}
      propertyPath: m_LocalPosition.z
      value: 0
      objectReference: {fileID: 0}
    - target: {fileID: 1402773645679045021, guid: 33bd8828c4f9d144cb4285cf9d726346, type: 3}
      propertyPath: m_LocalRotation.w
      value: 1
      objectReference: {fileID: 0}
    - target: {fileID: 1402773645679045021, guid: 33bd8828c4f9d144cb4285cf9d726346, type: 3}
      propertyPath: m_LocalRotation.x
      value: -0
      objectReference: {fileID: 0}
    - target: {fileID: 1402773645679045021, guid: 33bd8828c4f9d144cb4285cf9d726346, type: 3}
      propertyPath: m_LocalRotation.y
      value: -0
      objectReference: {fileID: 0}
    - target: {fileID: 1402773645679045021, guid: 33bd8828c4f9d144cb4285cf9d726346, type: 3}
      propertyPath: m_LocalRotation.z
      value: -0
      objectReference: {fileID: 0}
    - target: {fileID: 1402773645679045021, guid: 33bd8828c4f9d144cb4285cf9d726346, type: 3}
      propertyPath: m_LocalEulerAnglesHint.x
      value: 0
      objectReference: {fileID: 0}
    - target: {fileID: 1402773645679045021, guid: 33bd8828c4f9d144cb4285cf9d726346, type: 3}
      propertyPath: m_LocalEulerAnglesHint.y
      value: 0
      objectReference: {fileID: 0}
    - target: {fileID: 1402773645679045021, guid: 33bd8828c4f9d144cb4285cf9d726346, type: 3}
      propertyPath: m_LocalEulerAnglesHint.z
      value: 0
      objectReference: {fileID: 0}
    - target: {fileID: 4384600920867159851, guid: 33bd8828c4f9d144cb4285cf9d726346, type: 3}
      propertyPath: m_text
      value: 'Input Bool Option: False'
      objectReference: {fileID: 0}
    - target: {fileID: 4384600920867159851, guid: 33bd8828c4f9d144cb4285cf9d726346, type: 3}
      propertyPath: m_fontSize
      value: 0.15
      objectReference: {fileID: 0}
    - target: {fileID: 4384600920867159851, guid: 33bd8828c4f9d144cb4285cf9d726346, type: 3}
      propertyPath: m_fontColor32.rgba
      value: 4278190080
      objectReference: {fileID: 0}
    - target: {fileID: 7198609694334595499, guid: 33bd8828c4f9d144cb4285cf9d726346, type: 3}
      propertyPath: m_IsActive
      value: 1
      objectReference: {fileID: 0}
    m_RemovedComponents:
    - {fileID: 9047757973887699495, guid: 33bd8828c4f9d144cb4285cf9d726346, type: 3}
    m_RemovedGameObjects: []
    m_AddedGameObjects: []
    m_AddedComponents:
    - targetCorrespondingSourceObject: {fileID: 1402773645679045009, guid: 33bd8828c4f9d144cb4285cf9d726346, type: 3}
      insertIndex: -1
      addedObject: {fileID: 6130423406741056812}
  m_SourcePrefab: {fileID: 100100000, guid: 33bd8828c4f9d144cb4285cf9d726346, type: 3}
--- !u!114 &53389778063881557 stripped
MonoBehaviour:
  m_CorrespondingSourceObject: {fileID: 4384600920867159851, guid: 33bd8828c4f9d144cb4285cf9d726346, type: 3}
  m_PrefabInstance: {fileID: 4351769127380142718}
  m_PrefabAsset: {fileID: 0}
  m_GameObject: {fileID: 0}
  m_Enabled: 1
  m_EditorHideFlags: 0
  m_Script: {fileID: 11500000, guid: f4688fdb7df04437aeb418b961361dc5, type: 3}
  m_Name: 
  m_EditorClassIdentifier: 
--- !u!1 &1528785692213884803 stripped
GameObject:
  m_CorrespondingSourceObject: {fileID: 2977935478836887037, guid: 33bd8828c4f9d144cb4285cf9d726346, type: 3}
  m_PrefabInstance: {fileID: 4351769127380142718}
  m_PrefabAsset: {fileID: 0}
--- !u!4 &2781022868221918788 stripped
Transform:
  m_CorrespondingSourceObject: {fileID: 1944635188472165434, guid: 33bd8828c4f9d144cb4285cf9d726346, type: 3}
  m_PrefabInstance: {fileID: 4351769127380142718}
  m_PrefabAsset: {fileID: 0}
--- !u!1 &2987603233987448597 stripped
GameObject:
  m_CorrespondingSourceObject: {fileID: 1518434049203373419, guid: 33bd8828c4f9d144cb4285cf9d726346, type: 3}
  m_PrefabInstance: {fileID: 4351769127380142718}
  m_PrefabAsset: {fileID: 0}
--- !u!33 &3392109662843954146 stripped
MeshFilter:
  m_CorrespondingSourceObject: {fileID: 1402773645679045020, guid: 33bd8828c4f9d144cb4285cf9d726346, type: 3}
  m_PrefabInstance: {fileID: 4351769127380142718}
  m_PrefabAsset: {fileID: 0}
--- !u!4 &3392109662843954147 stripped
Transform:
  m_CorrespondingSourceObject: {fileID: 1402773645679045021, guid: 33bd8828c4f9d144cb4285cf9d726346, type: 3}
  m_PrefabInstance: {fileID: 4351769127380142718}
  m_PrefabAsset: {fileID: 0}
--- !u!135 &3392109662843954156 stripped
SphereCollider:
  m_CorrespondingSourceObject: {fileID: 1402773645679045010, guid: 33bd8828c4f9d144cb4285cf9d726346, type: 3}
  m_PrefabInstance: {fileID: 4351769127380142718}
  m_PrefabAsset: {fileID: 0}
--- !u!23 &3392109662843954157 stripped
MeshRenderer:
  m_CorrespondingSourceObject: {fileID: 1402773645679045011, guid: 33bd8828c4f9d144cb4285cf9d726346, type: 3}
  m_PrefabInstance: {fileID: 4351769127380142718}
  m_PrefabAsset: {fileID: 0}
--- !u!1 &3392109662843954159 stripped
GameObject:
  m_CorrespondingSourceObject: {fileID: 1402773645679045009, guid: 33bd8828c4f9d144cb4285cf9d726346, type: 3}
  m_PrefabInstance: {fileID: 4351769127380142718}
  m_PrefabAsset: {fileID: 0}
--- !u!114 &6130423406741056812
MonoBehaviour:
  m_ObjectHideFlags: 0
  m_CorrespondingSourceObject: {fileID: 0}
  m_PrefabInstance: {fileID: 0}
  m_PrefabAsset: {fileID: 0}
  m_GameObject: {fileID: 3392109662843954159}
  m_Enabled: 1
  m_EditorHideFlags: 0
  m_Script: {fileID: 11500000, guid: c8540e18c921244f58d2add731a1dd03, type: 3}
  m_Name: 
  m_EditorClassIdentifier: 
  trs: {fileID: 3392109662843954147}
  prefabIndex: 53
  collidable: 1
  activatable: 1
  notActivatableColorOffset:
    redOffset:
      operation: 0
      value: -0.35
    greenOffset:
      operation: 0
      value: -0.35
    blueOffset:
      operation: 0
      value: -0.35
    alphaOffset:
      operation: 0
      value: 0
  selectedColorOffset:
    redOffset:
      operation: 0
      value: 0.25
    greenOffset:
      operation: 0
      value: 0.25
    blueOffset:
      operation: 0
      value: 0.25
    alphaOffset:
      operation: 0
      value: 0
  rigid: {fileID: 5731600981336910194}
  collider: {fileID: 3392109662843954156}
  renderer: {fileID: 3392109662843954157}
  uiTrs: {fileID: 5526192764500101295}
  textTrs: {fileID: 6007163275914532311}
  childOptionsParent: {fileID: 2781022868221918788}
  text: {fileID: 53389778063881557}
  hasHiddenChildIndicator: {fileID: 2987603233987448597}
  hasHiddenParentIndicator: {fileID: 1528785692213884803}
  justEnabled: 0
  previousJustEnabled: 0
  children: []
  parentingArrows: []
  recordingActivateInAutomationSequence: 0
  meshFilter: {fileID: 3392109662843954146}
  activateAnimationEntry:
    animatorStateName: Activate
    layer: 0
    animator: {fileID: 3394808149589229755}
  valueType: 1
  value: 0
  codeCommandOption: {fileID: 0}
--- !u!95 &3394808149589229755 stripped
Animator:
  m_CorrespondingSourceObject: {fileID: 1402975670872525509, guid: 33bd8828c4f9d144cb4285cf9d726346, type: 3}
  m_PrefabInstance: {fileID: 4351769127380142718}
  m_PrefabAsset: {fileID: 0}
--- !u!224 &5526192764500101295 stripped
RectTransform:
  m_CorrespondingSourceObject: {fileID: 8130244159200920273, guid: 33bd8828c4f9d144cb4285cf9d726346, type: 3}
  m_PrefabInstance: {fileID: 4351769127380142718}
  m_PrefabAsset: {fileID: 0}
--- !u!54 &5731600981336910194 stripped
Rigidbody:
  m_CorrespondingSourceObject: {fileID: 8353660878966268684, guid: 33bd8828c4f9d144cb4285cf9d726346, type: 3}
  m_PrefabInstance: {fileID: 4351769127380142718}
  m_PrefabAsset: {fileID: 0}
--- !u!224 &6007163275914532311 stripped
RectTransform:
  m_CorrespondingSourceObject: {fileID: 8014487430078472105, guid: 33bd8828c4f9d144cb4285cf9d726346, type: 3}
  m_PrefabInstance: {fileID: 4351769127380142718}
  m_PrefabAsset: {fileID: 0}
