%YAML 1.1
%TAG !u! tag:unity3d.com,2011:
--- !u!1 &1402773645679045009
GameObject:
  m_ObjectHideFlags: 0
  m_CorrespondingSourceObject: {fileID: 0}
  m_PrefabInstance: {fileID: 0}
  m_PrefabAsset: {fileID: 0}
  serializedVersion: 6
  m_Component:
  - component: {fileID: 1402773645679045021}
  - component: {fileID: 9047757973887699495}
  - component: {fileID: 1402773645679045020}
  - component: {fileID: 1402773645679045011}
  - component: {fileID: 1402773645679045010}
  - component: {fileID: 8353660878966268684}
  - component: {fileID: 1402975670872525509}
  m_Layer: 0
  m_Name: Option
  m_TagString: Untagged
  m_Icon: {fileID: 0}
  m_NavMeshLayer: 0
  m_StaticEditorFlags: 0
  m_IsActive: 1
--- !u!4 &1402773645679045021
Transform:
  m_ObjectHideFlags: 0
  m_CorrespondingSourceObject: {fileID: 0}
  m_PrefabInstance: {fileID: 0}
  m_PrefabAsset: {fileID: 0}
  m_GameObject: {fileID: 1402773645679045009}
  serializedVersion: 2
  m_LocalRotation: {x: 0, y: 0, z: 0, w: 1}
  m_LocalPosition: {x: 0, y: 0, z: 0}
  m_LocalScale: {x: 0.1, y: 0.1, z: 0.1}
  m_ConstrainProportionsScale: 0
  m_Children:
  - {fileID: 8130244159200920273}
  - {fileID: 1944635188472165434}
  m_Father: {fileID: 0}
  m_LocalEulerAnglesHint: {x: 0, y: 0, z: 0}
--- !u!114 &9047757973887699495
MonoBehaviour:
  m_ObjectHideFlags: 0
  m_CorrespondingSourceObject: {fileID: 0}
  m_PrefabInstance: {fileID: 0}
  m_PrefabAsset: {fileID: 0}
  m_GameObject: {fileID: 1402773645679045009}
  m_Enabled: 1
  m_EditorHideFlags: 0
  m_Script: {fileID: 11500000, guid: ff3521d8aed13c240b44f1724519b83d, type: 3}
  m_Name: 
  m_EditorClassIdentifier: 
  trs: {fileID: 1402773645679045021}
  prefabIndex: 3
  collidable: 1
  activatable: 1
  notActivatableColorOffset:
    redOffset:
      operation: 0
      value: -0.35
    greenOffset:
      operation: 0
      value: -0.35
    blueOffset:
      operation: 0
      value: -0.35
    alphaOffset:
      operation: 0
      value: 0
  selectedColorOffset:
    redOffset:
      operation: 0
      value: 0.25
    greenOffset:
      operation: 0
      value: 0.25
    blueOffset:
      operation: 0
      value: 0.25
    alphaOffset:
      operation: 0
      value: 0
  rigid: {fileID: 8353660878966268684}
  collider: {fileID: 1402773645679045010}
  renderer: {fileID: 1402773645679045011}
  uiTrs: {fileID: 8130244159200920273}
  textTrs: {fileID: 8014487430078472105}
  childOptionsParent: {fileID: 1944635188472165434}
  text: {fileID: 4384600920867159851}
  hasHiddenChildIndicator: {fileID: 1518434049203373419}
  hasHiddenParentIndicator: {fileID: 2977935478836887037}
  justEnabled: 0
  previousJustEnabled: 0
  children: []
  parentingArrows: []
  recordingActivateInAutomationSequence: 0
  meshFilter: {fileID: 1402773645679045020}
  activateAnimationEntry:
    animatorStateName: Activate
    layer: 0
    animator: {fileID: 1402975670872525509}
  valueType: 0
--- !u!33 &1402773645679045020
MeshFilter:
  m_ObjectHideFlags: 0
  m_CorrespondingSourceObject: {fileID: 0}
  m_PrefabInstance: {fileID: 0}
  m_PrefabAsset: {fileID: 0}
  m_GameObject: {fileID: 1402773645679045009}
  m_Mesh: {fileID: 10207, guid: 0000000000000000e000000000000000, type: 0}
--- !u!23 &1402773645679045011
MeshRenderer:
  m_ObjectHideFlags: 0
  m_CorrespondingSourceObject: {fileID: 0}
  m_PrefabInstance: {fileID: 0}
  m_PrefabAsset: {fileID: 0}
  m_GameObject: {fileID: 1402773645679045009}
  m_Enabled: 1
  m_CastShadows: 0
  m_ReceiveShadows: 0
  m_DynamicOccludee: 1
  m_StaticShadowCaster: 0
  m_MotionVectors: 2
  m_LightProbeUsage: 0
  m_ReflectionProbeUsage: 0
  m_RayTracingMode: 2
  m_RayTraceProcedural: 0
  m_RayTracingAccelStructBuildFlagsOverride: 0
  m_RayTracingAccelStructBuildFlags: 1
  m_SmallMeshCulling: 1
  m_RenderingLayerMask: 1
  m_RendererPriority: 0
  m_Materials:
  - {fileID: 2100000, guid: b61446fa7c6f4e440a805428aabb14c0, type: 2}
  m_StaticBatchInfo:
    firstSubMesh: 0
    subMeshCount: 0
  m_StaticBatchRoot: {fileID: 0}
  m_ProbeAnchor: {fileID: 0}
  m_LightProbeVolumeOverride: {fileID: 0}
  m_ScaleInLightmap: 1
  m_ReceiveGI: 1
  m_PreserveUVs: 0
  m_IgnoreNormalsForChartDetection: 0
  m_ImportantGI: 0
  m_StitchLightmapSeams: 1
  m_SelectedEditorRenderState: 3
  m_MinimumChartSize: 4
  m_AutoUVMaxDistance: 0.5
  m_AutoUVMaxAngle: 89
  m_LightmapParameters: {fileID: 0}
  m_SortingLayerID: 0
  m_SortingLayer: 0
  m_SortingOrder: 0
  m_AdditionalVertexStreams: {fileID: 0}
--- !u!135 &1402773645679045010
SphereCollider:
  m_ObjectHideFlags: 0
  m_CorrespondingSourceObject: {fileID: 0}
  m_PrefabInstance: {fileID: 0}
  m_PrefabAsset: {fileID: 0}
  m_GameObject: {fileID: 1402773645679045009}
  m_Material: {fileID: 0}
  m_IncludeLayers:
    serializedVersion: 2
    m_Bits: 0
  m_ExcludeLayers:
    serializedVersion: 2
    m_Bits: 0
  m_LayerOverridePriority: 0
  m_IsTrigger: 0
  m_ProvidesContacts: 0
  m_Enabled: 1
  serializedVersion: 3
  m_Radius: 0.5
  m_Center: {x: 0, y: 0, z: 0}
--- !u!54 &8353660878966268684
Rigidbody:
  m_ObjectHideFlags: 0
  m_CorrespondingSourceObject: {fileID: 0}
  m_PrefabInstance: {fileID: 0}
  m_PrefabAsset: {fileID: 0}
  m_GameObject: {fileID: 1402773645679045009}
  serializedVersion: 4
  m_Mass: 1
  m_Drag: Infinity
  m_AngularDrag: 0.05
  m_CenterOfMass: {x: 0, y: 0, z: 0}
  m_InertiaTensor: {x: 1, y: 1, z: 1}
  m_InertiaRotation: {x: 0, y: 0, z: 0, w: 1}
  m_IncludeLayers:
    serializedVersion: 2
    m_Bits: 0
  m_ExcludeLayers:
    serializedVersion: 2
    m_Bits: 0
  m_ImplicitCom: 1
  m_ImplicitTensor: 1
  m_UseGravity: 0
  m_IsKinematic: 0
  m_Interpolate: 0
  m_Constraints: 112
  m_CollisionDetection: 0
--- !u!95 &1402975670872525509
Animator:
  serializedVersion: 7
  m_ObjectHideFlags: 0
  m_CorrespondingSourceObject: {fileID: 0}
  m_PrefabInstance: {fileID: 0}
  m_PrefabAsset: {fileID: 0}
  m_GameObject: {fileID: 1402773645679045009}
  m_Enabled: 0
  m_Avatar: {fileID: 0}
  m_Controller: {fileID: 9100000, guid: 065ae119083528f4b98b9290c06d3ab8, type: 2}
  m_CullingMode: 0
  m_UpdateMode: 0
  m_ApplyRootMotion: 0
  m_LinearVelocityBlending: 0
  m_StabilizeFeet: 0
  m_AnimatePhysics: 0
  m_WarningMessage: 
  m_HasTransformHierarchy: 1
  m_AllowConstantClipSamplingOptimization: 1
  m_KeepAnimatorStateOnDisable: 0
  m_WriteDefaultValuesOnDisable: 0
--- !u!1 &7198609694334595499
GameObject:
  m_ObjectHideFlags: 0
  m_CorrespondingSourceObject: {fileID: 0}
  m_PrefabInstance: {fileID: 0}
  m_PrefabAsset: {fileID: 0}
  serializedVersion: 6
  m_Component:
  - component: {fileID: 1944635188472165434}
  m_Layer: 0
  m_Name: Children
  m_TagString: Untagged
  m_Icon: {fileID: 0}
  m_NavMeshLayer: 0
  m_StaticEditorFlags: 0
  m_IsActive: 1
--- !u!4 &1944635188472165434
Transform:
  m_ObjectHideFlags: 0
  m_CorrespondingSourceObject: {fileID: 0}
  m_PrefabInstance: {fileID: 0}
  m_PrefabAsset: {fileID: 0}
  m_GameObject: {fileID: 7198609694334595499}
  serializedVersion: 2
  m_LocalRotation: {x: 0, y: 0, z: 0, w: 1}
  m_LocalPosition: {x: 0, y: 0, z: 0}
  m_LocalScale: {x: 1, y: 1, z: 1}
  m_ConstrainProportionsScale: 0
  m_Children: []
  m_Father: {fileID: 1402773645679045021}
  m_LocalEulerAnglesHint: {x: 0, y: 0, z: 0}
--- !u!1 &8231723436026429712
GameObject:
  m_ObjectHideFlags: 0
  m_CorrespondingSourceObject: {fileID: 0}
  m_PrefabInstance: {fileID: 0}
  m_PrefabAsset: {fileID: 0}
  serializedVersion: 6
  m_Component:
  - component: {fileID: 8130244159200920273}
  - component: {fileID: 3698072116450697732}
  - component: {fileID: 8483111195127795651}
  m_Layer: 0
  m_Name: Canvas (World)
  m_TagString: Untagged
  m_Icon: {fileID: 0}
  m_NavMeshLayer: 0
  m_StaticEditorFlags: 0
  m_IsActive: 1
--- !u!224 &8130244159200920273
RectTransform:
  m_ObjectHideFlags: 0
  m_CorrespondingSourceObject: {fileID: 0}
  m_PrefabInstance: {fileID: 0}
  m_PrefabAsset: {fileID: 0}
  m_GameObject: {fileID: 8231723436026429712}
  m_LocalRotation: {x: -0, y: -0, z: -0, w: 1}
  m_LocalPosition: {x: 0, y: 0, z: 0}
  m_LocalScale: {x: -1, y: 1, z: 1}
  m_ConstrainProportionsScale: 0
  m_Children:
  - {fileID: 8014487430078472105}
  - {fileID: 8521574995312654847}
  - {fileID: 747315760157201857}
  m_Father: {fileID: 1402773645679045021}
  m_LocalEulerAnglesHint: {x: 0, y: 0, z: 0}
  m_AnchorMin: {x: 0, y: 0}
  m_AnchorMax: {x: 0, y: 0}
  m_AnchoredPosition: {x: 0, y: 0}
  m_SizeDelta: {x: 1, y: 1}
  m_Pivot: {x: 0.5, y: 0.5}
--- !u!223 &3698072116450697732
Canvas:
  m_ObjectHideFlags: 0
  m_CorrespondingSourceObject: {fileID: 0}
  m_PrefabInstance: {fileID: 0}
  m_PrefabAsset: {fileID: 0}
  m_GameObject: {fileID: 8231723436026429712}
  m_Enabled: 1
  serializedVersion: 3
  m_RenderMode: 2
  m_Camera: {fileID: 0}
  m_PlaneDistance: 100
  m_PixelPerfect: 0
  m_ReceivesEvents: 1
  m_OverrideSorting: 0
  m_OverridePixelPerfect: 0
  m_SortingBucketNormalizedSize: 0
  m_VertexColorAlwaysGammaSpace: 0
  m_AdditionalShaderChannelsFlag: 25
  m_UpdateRectTransformForStandalone: 0
  m_SortingLayerID: -1406660721
  m_SortingOrder: 0
  m_TargetDisplay: 0
--- !u!114 &8483111195127795651
MonoBehaviour:
  m_ObjectHideFlags: 0
  m_CorrespondingSourceObject: {fileID: 0}
  m_PrefabInstance: {fileID: 0}
  m_PrefabAsset: {fileID: 0}
  m_GameObject: {fileID: 8231723436026429712}
  m_Enabled: 1
  m_EditorHideFlags: 0
  m_Script: {fileID: 11500000, guid: 0cd44c1031e13a943bb63640046fad76, type: 3}
  m_Name: 
  m_EditorClassIdentifier: 
  m_UiScaleMode: 0
  m_ReferencePixelsPerUnit: 100
  m_ScaleFactor: 1
  m_ReferenceResolution: {x: 800, y: 600}
  m_ScreenMatchMode: 0
  m_MatchWidthOrHeight: 0
  m_PhysicalUnit: 3
  m_FallbackScreenDPI: 96
  m_DefaultSpriteDPI: 96
  m_DynamicPixelsPerUnit: 1
  m_PresetInfoIsWorld: 1
--- !u!1001 &929080804905078713
PrefabInstance:
  m_ObjectHideFlags: 0
  serializedVersion: 2
  m_Modification:
    serializedVersion: 3
    m_TransformParent: {fileID: 8130244159200920273}
    m_Modifications:
    - target: {fileID: 2798520011813428609, guid: 92281721c53238947a3aa662395c0a91, type: 3}
      propertyPath: m_Name
      value: Text
      objectReference: {fileID: 0}
    - target: {fileID: 3476208674926719122, guid: 92281721c53238947a3aa662395c0a91, type: 3}
      propertyPath: m_text
      value: Option
      objectReference: {fileID: 0}
    - target: {fileID: 3476208674926719122, guid: 92281721c53238947a3aa662395c0a91, type: 3}
      propertyPath: m_fontSize
      value: 0.25
      objectReference: {fileID: 0}
    - target: {fileID: 3476208674926719122, guid: 92281721c53238947a3aa662395c0a91, type: 3}
      propertyPath: m_fontColor.b
      value: 0
      objectReference: {fileID: 0}
    - target: {fileID: 3476208674926719122, guid: 92281721c53238947a3aa662395c0a91, type: 3}
      propertyPath: m_fontColor.g
      value: 0
      objectReference: {fileID: 0}
    - target: {fileID: 3476208674926719122, guid: 92281721c53238947a3aa662395c0a91, type: 3}
      propertyPath: m_fontColor.r
      value: 0
      objectReference: {fileID: 0}
    - target: {fileID: 3476208674926719122, guid: 92281721c53238947a3aa662395c0a91, type: 3}
      propertyPath: m_fontColor32.rgba
      value: 4278190080
      objectReference: {fileID: 0}
    - target: {fileID: 3476208674926719122, guid: 92281721c53238947a3aa662395c0a91, type: 3}
      propertyPath: m_VerticalAlignment
      value: 512
      objectReference: {fileID: 0}
    - target: {fileID: 3476208674926719122, guid: 92281721c53238947a3aa662395c0a91, type: 3}
      propertyPath: m_HorizontalAlignment
      value: 2
      objectReference: {fileID: 0}
    - target: {fileID: 3476208674926719122, guid: 92281721c53238947a3aa662395c0a91, type: 3}
      propertyPath: 'm_ActiveFontFeatures.Array.data[0]'
      value: 1801810542
      objectReference: {fileID: 0}
    - target: {fileID: 7196171435682385936, guid: 92281721c53238947a3aa662395c0a91, type: 3}
      propertyPath: m_Pivot.x
      value: 0.5
      objectReference: {fileID: 0}
    - target: {fileID: 7196171435682385936, guid: 92281721c53238947a3aa662395c0a91, type: 3}
      propertyPath: m_Pivot.y
      value: 0.5
      objectReference: {fileID: 0}
    - target: {fileID: 7196171435682385936, guid: 92281721c53238947a3aa662395c0a91, type: 3}
      propertyPath: m_RootOrder
      value: 0
      objectReference: {fileID: 0}
    - target: {fileID: 7196171435682385936, guid: 92281721c53238947a3aa662395c0a91, type: 3}
      propertyPath: m_AnchorMax.x
      value: 1
      objectReference: {fileID: 0}
    - target: {fileID: 7196171435682385936, guid: 92281721c53238947a3aa662395c0a91, type: 3}
      propertyPath: m_AnchorMax.y
      value: 1
      objectReference: {fileID: 0}
    - target: {fileID: 7196171435682385936, guid: 92281721c53238947a3aa662395c0a91, type: 3}
      propertyPath: m_AnchorMin.x
      value: 0
      objectReference: {fileID: 0}
    - target: {fileID: 7196171435682385936, guid: 92281721c53238947a3aa662395c0a91, type: 3}
      propertyPath: m_AnchorMin.y
      value: 0
      objectReference: {fileID: 0}
    - target: {fileID: 7196171435682385936, guid: 92281721c53238947a3aa662395c0a91, type: 3}
      propertyPath: m_SizeDelta.x
      value: -0.2
      objectReference: {fileID: 0}
    - target: {fileID: 7196171435682385936, guid: 92281721c53238947a3aa662395c0a91, type: 3}
      propertyPath: m_SizeDelta.y
      value: -0.2
      objectReference: {fileID: 0}
    - target: {fileID: 7196171435682385936, guid: 92281721c53238947a3aa662395c0a91, type: 3}
      propertyPath: m_LocalPosition.x
      value: 0
      objectReference: {fileID: 0}
    - target: {fileID: 7196171435682385936, guid: 92281721c53238947a3aa662395c0a91, type: 3}
      propertyPath: m_LocalPosition.y
      value: 0
      objectReference: {fileID: 0}
    - target: {fileID: 7196171435682385936, guid: 92281721c53238947a3aa662395c0a91, type: 3}
      propertyPath: m_LocalPosition.z
      value: 0.5
      objectReference: {fileID: 0}
    - target: {fileID: 7196171435682385936, guid: 92281721c53238947a3aa662395c0a91, type: 3}
      propertyPath: m_LocalRotation.w
      value: 1
      objectReference: {fileID: 0}
    - target: {fileID: 7196171435682385936, guid: 92281721c53238947a3aa662395c0a91, type: 3}
      propertyPath: m_LocalRotation.x
      value: 0
      objectReference: {fileID: 0}
    - target: {fileID: 7196171435682385936, guid: 92281721c53238947a3aa662395c0a91, type: 3}
      propertyPath: m_LocalRotation.y
      value: 0
      objectReference: {fileID: 0}
    - target: {fileID: 7196171435682385936, guid: 92281721c53238947a3aa662395c0a91, type: 3}
      propertyPath: m_LocalRotation.z
      value: 0
      objectReference: {fileID: 0}
    - target: {fileID: 7196171435682385936, guid: 92281721c53238947a3aa662395c0a91, type: 3}
      propertyPath: m_AnchoredPosition.x
      value: 0
      objectReference: {fileID: 0}
    - target: {fileID: 7196171435682385936, guid: 92281721c53238947a3aa662395c0a91, type: 3}
      propertyPath: m_AnchoredPosition.y
      value: 0
      objectReference: {fileID: 0}
    - target: {fileID: 7196171435682385936, guid: 92281721c53238947a3aa662395c0a91, type: 3}
      propertyPath: m_LocalEulerAnglesHint.x
      value: 0
      objectReference: {fileID: 0}
    - target: {fileID: 7196171435682385936, guid: 92281721c53238947a3aa662395c0a91, type: 3}
      propertyPath: m_LocalEulerAnglesHint.y
      value: 0
      objectReference: {fileID: 0}
    - target: {fileID: 7196171435682385936, guid: 92281721c53238947a3aa662395c0a91, type: 3}
      propertyPath: m_LocalEulerAnglesHint.z
      value: 0
      objectReference: {fileID: 0}
    m_RemovedComponents: []
    m_RemovedGameObjects: []
    m_AddedGameObjects: []
    m_AddedComponents: []
  m_SourcePrefab: {fileID: 100100000, guid: 92281721c53238947a3aa662395c0a91, type: 3}
--- !u!114 &4384600920867159851 stripped
MonoBehaviour:
  m_CorrespondingSourceObject: {fileID: 3476208674926719122, guid: 92281721c53238947a3aa662395c0a91, type: 3}
  m_PrefabInstance: {fileID: 929080804905078713}
  m_PrefabAsset: {fileID: 0}
  m_GameObject: {fileID: 0}
  m_Enabled: 1
  m_EditorHideFlags: 0
  m_Script: {fileID: 11500000, guid: f4688fdb7df04437aeb418b961361dc5, type: 3}
  m_Name: 
  m_EditorClassIdentifier: 
--- !u!224 &8014487430078472105 stripped
RectTransform:
  m_CorrespondingSourceObject: {fileID: 7196171435682385936, guid: 92281721c53238947a3aa662395c0a91, type: 3}
  m_PrefabInstance: {fileID: 929080804905078713}
  m_PrefabAsset: {fileID: 0}
--- !u!1001 &8433196492025682378
PrefabInstance:
  m_ObjectHideFlags: 0
  serializedVersion: 2
  m_Modification:
    serializedVersion: 3
    m_TransformParent: {fileID: 8130244159200920273}
    m_Modifications:
    - target: {fileID: 237015984969670709, guid: 7ab30898626afa545adcc2a83db775a8, type: 3}
      propertyPath: m_Pivot.x
      value: 0.5
      objectReference: {fileID: 0}
    - target: {fileID: 237015984969670709, guid: 7ab30898626afa545adcc2a83db775a8, type: 3}
      propertyPath: m_Pivot.y
      value: 0.5
      objectReference: {fileID: 0}
    - target: {fileID: 237015984969670709, guid: 7ab30898626afa545adcc2a83db775a8, type: 3}
      propertyPath: m_AnchorMax.x
      value: 1
      objectReference: {fileID: 0}
    - target: {fileID: 237015984969670709, guid: 7ab30898626afa545adcc2a83db775a8, type: 3}
      propertyPath: m_AnchorMax.y
      value: 1
      objectReference: {fileID: 0}
    - target: {fileID: 237015984969670709, guid: 7ab30898626afa545adcc2a83db775a8, type: 3}
      propertyPath: m_AnchorMin.x
      value: 0
      objectReference: {fileID: 0}
    - target: {fileID: 237015984969670709, guid: 7ab30898626afa545adcc2a83db775a8, type: 3}
      propertyPath: m_AnchorMin.y
      value: 0
      objectReference: {fileID: 0}
    - target: {fileID: 237015984969670709, guid: 7ab30898626afa545adcc2a83db775a8, type: 3}
      propertyPath: m_SizeDelta.x
      value: -0.5
      objectReference: {fileID: 0}
    - target: {fileID: 237015984969670709, guid: 7ab30898626afa545adcc2a83db775a8, type: 3}
      propertyPath: m_SizeDelta.y
      value: 0
      objectReference: {fileID: 0}
    - target: {fileID: 237015984969670709, guid: 7ab30898626afa545adcc2a83db775a8, type: 3}
      propertyPath: m_LocalPosition.x
      value: 0
      objectReference: {fileID: 0}
    - target: {fileID: 237015984969670709, guid: 7ab30898626afa545adcc2a83db775a8, type: 3}
      propertyPath: m_LocalPosition.y
      value: 0
      objectReference: {fileID: 0}
    - target: {fileID: 237015984969670709, guid: 7ab30898626afa545adcc2a83db775a8, type: 3}
      propertyPath: m_LocalPosition.z
      value: 0
      objectReference: {fileID: 0}
    - target: {fileID: 237015984969670709, guid: 7ab30898626afa545adcc2a83db775a8, type: 3}
      propertyPath: m_LocalRotation.w
      value: 1
      objectReference: {fileID: 0}
    - target: {fileID: 237015984969670709, guid: 7ab30898626afa545adcc2a83db775a8, type: 3}
      propertyPath: m_LocalRotation.x
      value: 0
      objectReference: {fileID: 0}
    - target: {fileID: 237015984969670709, guid: 7ab30898626afa545adcc2a83db775a8, type: 3}
      propertyPath: m_LocalRotation.y
      value: 0
      objectReference: {fileID: 0}
    - target: {fileID: 237015984969670709, guid: 7ab30898626afa545adcc2a83db775a8, type: 3}
      propertyPath: m_LocalRotation.z
      value: 0
      objectReference: {fileID: 0}
    - target: {fileID: 237015984969670709, guid: 7ab30898626afa545adcc2a83db775a8, type: 3}
      propertyPath: m_AnchoredPosition.x
      value: 0.75
      objectReference: {fileID: 0}
    - target: {fileID: 237015984969670709, guid: 7ab30898626afa545adcc2a83db775a8, type: 3}
      propertyPath: m_AnchoredPosition.y
      value: 0
      objectReference: {fileID: 0}
    - target: {fileID: 237015984969670709, guid: 7ab30898626afa545adcc2a83db775a8, type: 3}
      propertyPath: m_LocalEulerAnglesHint.x
      value: 0
      objectReference: {fileID: 0}
    - target: {fileID: 237015984969670709, guid: 7ab30898626afa545adcc2a83db775a8, type: 3}
      propertyPath: m_LocalEulerAnglesHint.y
      value: 0
      objectReference: {fileID: 0}
    - target: {fileID: 237015984969670709, guid: 7ab30898626afa545adcc2a83db775a8, type: 3}
      propertyPath: m_LocalEulerAnglesHint.z
      value: 0
      objectReference: {fileID: 0}
    - target: {fileID: 6924904819167780001, guid: 7ab30898626afa545adcc2a83db775a8, type: 3}
      propertyPath: m_Name
      value: Has Hidden Child Indicator
      objectReference: {fileID: 0}
    m_RemovedComponents: []
    m_RemovedGameObjects: []
    m_AddedGameObjects: []
    m_AddedComponents: []
  m_SourcePrefab: {fileID: 100100000, guid: 7ab30898626afa545adcc2a83db775a8, type: 3}
--- !u!1 &1518434049203373419 stripped
GameObject:
  m_CorrespondingSourceObject: {fileID: 6924904819167780001, guid: 7ab30898626afa545adcc2a83db775a8, type: 3}
  m_PrefabInstance: {fileID: 8433196492025682378}
  m_PrefabAsset: {fileID: 0}
--- !u!224 &8521574995312654847 stripped
RectTransform:
  m_CorrespondingSourceObject: {fileID: 237015984969670709, guid: 7ab30898626afa545adcc2a83db775a8, type: 3}
  m_PrefabInstance: {fileID: 8433196492025682378}
  m_PrefabAsset: {fileID: 0}
--- !u!1001 &8972175329814079421
PrefabInstance:
  m_ObjectHideFlags: 0
  serializedVersion: 2
  m_Modification:
    serializedVersion: 3
    m_TransformParent: {fileID: 8130244159200920273}
    m_Modifications:
    - target: {fileID: 6183531792412023360, guid: 375c21fe54079b94da6ac773deb7699a, type: 3}
      propertyPath: m_Name
      value: Has Hidden Parent Indicator
      objectReference: {fileID: 0}
    - target: {fileID: 8565123375384490620, guid: 375c21fe54079b94da6ac773deb7699a, type: 3}
      propertyPath: m_Pivot.x
      value: 0.5
      objectReference: {fileID: 0}
    - target: {fileID: 8565123375384490620, guid: 375c21fe54079b94da6ac773deb7699a, type: 3}
      propertyPath: m_Pivot.y
      value: 0.5
      objectReference: {fileID: 0}
    - target: {fileID: 8565123375384490620, guid: 375c21fe54079b94da6ac773deb7699a, type: 3}
      propertyPath: m_AnchorMax.x
      value: 1
      objectReference: {fileID: 0}
    - target: {fileID: 8565123375384490620, guid: 375c21fe54079b94da6ac773deb7699a, type: 3}
      propertyPath: m_AnchorMax.y
      value: 1
      objectReference: {fileID: 0}
    - target: {fileID: 8565123375384490620, guid: 375c21fe54079b94da6ac773deb7699a, type: 3}
      propertyPath: m_AnchorMin.x
      value: 0
      objectReference: {fileID: 0}
    - target: {fileID: 8565123375384490620, guid: 375c21fe54079b94da6ac773deb7699a, type: 3}
      propertyPath: m_AnchorMin.y
      value: 0
      objectReference: {fileID: 0}
    - target: {fileID: 8565123375384490620, guid: 375c21fe54079b94da6ac773deb7699a, type: 3}
      propertyPath: m_SizeDelta.x
      value: -0.5
      objectReference: {fileID: 0}
    - target: {fileID: 8565123375384490620, guid: 375c21fe54079b94da6ac773deb7699a, type: 3}
      propertyPath: m_SizeDelta.y
      value: 0
      objectReference: {fileID: 0}
    - target: {fileID: 8565123375384490620, guid: 375c21fe54079b94da6ac773deb7699a, type: 3}
      propertyPath: m_LocalPosition.x
      value: 0
      objectReference: {fileID: 0}
    - target: {fileID: 8565123375384490620, guid: 375c21fe54079b94da6ac773deb7699a, type: 3}
      propertyPath: m_LocalPosition.y
      value: 0
      objectReference: {fileID: 0}
    - target: {fileID: 8565123375384490620, guid: 375c21fe54079b94da6ac773deb7699a, type: 3}
      propertyPath: m_LocalPosition.z
      value: 0
      objectReference: {fileID: 0}
    - target: {fileID: 8565123375384490620, guid: 375c21fe54079b94da6ac773deb7699a, type: 3}
      propertyPath: m_LocalRotation.w
      value: 1
      objectReference: {fileID: 0}
    - target: {fileID: 8565123375384490620, guid: 375c21fe54079b94da6ac773deb7699a, type: 3}
      propertyPath: m_LocalRotation.x
      value: 0
      objectReference: {fileID: 0}
    - target: {fileID: 8565123375384490620, guid: 375c21fe54079b94da6ac773deb7699a, type: 3}
      propertyPath: m_LocalRotation.y
      value: 0
      objectReference: {fileID: 0}
    - target: {fileID: 8565123375384490620, guid: 375c21fe54079b94da6ac773deb7699a, type: 3}
      propertyPath: m_LocalRotation.z
      value: 0
      objectReference: {fileID: 0}
    - target: {fileID: 8565123375384490620, guid: 375c21fe54079b94da6ac773deb7699a, type: 3}
      propertyPath: m_AnchoredPosition.x
      value: -0.75
      objectReference: {fileID: 0}
    - target: {fileID: 8565123375384490620, guid: 375c21fe54079b94da6ac773deb7699a, type: 3}
      propertyPath: m_AnchoredPosition.y
      value: 0
      objectReference: {fileID: 0}
    - target: {fileID: 8565123375384490620, guid: 375c21fe54079b94da6ac773deb7699a, type: 3}
      propertyPath: m_LocalEulerAnglesHint.x
      value: 0
      objectReference: {fileID: 0}
    - target: {fileID: 8565123375384490620, guid: 375c21fe54079b94da6ac773deb7699a, type: 3}
      propertyPath: m_LocalEulerAnglesHint.y
      value: 0
      objectReference: {fileID: 0}
    - target: {fileID: 8565123375384490620, guid: 375c21fe54079b94da6ac773deb7699a, type: 3}
      propertyPath: m_LocalEulerAnglesHint.z
      value: 0
      objectReference: {fileID: 0}
    m_RemovedComponents: []
    m_RemovedGameObjects: []
    m_AddedGameObjects: []
    m_AddedComponents: []
  m_SourcePrefab: {fileID: 100100000, guid: 375c21fe54079b94da6ac773deb7699a, type: 3}
--- !u!224 &747315760157201857 stripped
RectTransform:
  m_CorrespondingSourceObject: {fileID: 8565123375384490620, guid: 375c21fe54079b94da6ac773deb7699a, type: 3}
  m_PrefabInstance: {fileID: 8972175329814079421}
  m_PrefabAsset: {fileID: 0}
--- !u!1 &2977935478836887037 stripped
GameObject:
  m_CorrespondingSourceObject: {fileID: 6183531792412023360, guid: 375c21fe54079b94da6ac773deb7699a, type: 3}
  m_PrefabInstance: {fileID: 8972175329814079421}
  m_PrefabAsset: {fileID: 0}
