%YAML 1.1
%TAG !u! tag:unity3d.com,2011:
--- !u!1001 &8430031292806057567
PrefabInstance:
  m_ObjectHideFlags: 0
  serializedVersion: 2
  m_Modification:
    serializedVersion: 3
    m_TransformParent: {fileID: 0}
    m_Modifications:
    - target: {fileID: 639443990285838802, guid: 730f9b7b8c9e447ffae7b209ed66f7c8, type: 3}
      propertyPath: onStartActivateUnityEvent.m_PersistentCalls.m_Calls.Array.size
      value: 0
      objectReference: {fileID: 0}
    - target: {fileID: 1543506614313919375, guid: 730f9b7b8c9e447ffae7b209ed66f7c8, type: 3}
      propertyPath: m_text
      value: 'Red Option:

'
      objectReference: {fileID: 0}
    - target: {fileID: 1543506614313919375, guid: 730f9b7b8c9e447ffae7b209ed66f7c8, type: 3}
      propertyPath: m_fontSize
      value: 0.2
      objectReference: {fileID: 0}
    - target: {fileID: 4234860750159230261, guid: 730f9b7b8c9e447ffae7b209ed66f7c8, type: 3}
      propertyPath: m_Name
      value: Image FIle Path Option
      objectReference: {fileID: 0}
    - target: {fileID: 4234860750159230265, guid: 730f9b7b8c9e447ffae7b209ed66f7c8, type: 3}
      propertyPath: m_RootOrder
      value: 0
      objectReference: {fileID: 0}
    - target: {fileID: 4234860750159230265, guid: 730f9b7b8c9e447ffae7b209ed66f7c8, type: 3}
      propertyPath: m_LocalPosition.x
      value: 0
      objectReference: {fileID: 0}
    - target: {fileID: 4234860750159230265, guid: 730f9b7b8c9e447ffae7b209ed66f7c8, type: 3}
      propertyPath: m_LocalPosition.y
      value: 0
      objectReference: {fileID: 0}
    - target: {fileID: 4234860750159230265, guid: 730f9b7b8c9e447ffae7b209ed66f7c8, type: 3}
      propertyPath: m_LocalPosition.z
      value: 0
      objectReference: {fileID: 0}
    - target: {fileID: 4234860750159230265, guid: 730f9b7b8c9e447ffae7b209ed66f7c8, type: 3}
      propertyPath: m_LocalRotation.w
      value: 1
      objectReference: {fileID: 0}
    - target: {fileID: 4234860750159230265, guid: 730f9b7b8c9e447ffae7b209ed66f7c8, type: 3}
      propertyPath: m_LocalRotation.x
      value: 0
      objectReference: {fileID: 0}
    - target: {fileID: 4234860750159230265, guid: 730f9b7b8c9e447ffae7b209ed66f7c8, type: 3}
      propertyPath: m_LocalRotation.y
      value: 0
      objectReference: {fileID: 0}
    - target: {fileID: 4234860750159230265, guid: 730f9b7b8c9e447ffae7b209ed66f7c8, type: 3}
      propertyPath: m_LocalRotation.z
      value: 0
      objectReference: {fileID: 0}
    - target: {fileID: 4234860750159230265, guid: 730f9b7b8c9e447ffae7b209ed66f7c8, type: 3}
      propertyPath: m_LocalEulerAnglesHint.x
      value: 0
      objectReference: {fileID: 0}
    - target: {fileID: 4234860750159230265, guid: 730f9b7b8c9e447ffae7b209ed66f7c8, type: 3}
      propertyPath: m_LocalEulerAnglesHint.y
      value: 0
      objectReference: {fileID: 0}
    - target: {fileID: 4234860750159230265, guid: 730f9b7b8c9e447ffae7b209ed66f7c8, type: 3}
      propertyPath: m_LocalEulerAnglesHint.z
      value: 0
      objectReference: {fileID: 0}
    m_RemovedComponents:
    - {fileID: 639443990285838802, guid: 730f9b7b8c9e447ffae7b209ed66f7c8, type: 3}
    m_RemovedGameObjects: []
    m_AddedGameObjects: []
    m_AddedComponents:
    - targetCorrespondingSourceObject: {fileID: 4234860750159230261, guid: 730f9b7b8c9e447ffae7b209ed66f7c8, type: 3}
      insertIndex: -1
      addedObject: {fileID: 4108225545606094558}
  m_SourcePrefab: {fileID: 100100000, guid: 730f9b7b8c9e447ffae7b209ed66f7c8, type: 3}
--- !u!224 &3286371465749516330 stripped
RectTransform:
  m_CorrespondingSourceObject: {fileID: 6442106402979389045, guid: 730f9b7b8c9e447ffae7b209ed66f7c8, type: 3}
  m_PrefabInstance: {fileID: 8430031292806057567}
  m_PrefabAsset: {fileID: 0}
--- !u!54 &3360194242650305015 stripped
Rigidbody:
  m_CorrespondingSourceObject: {fileID: 6511274976284917672, guid: 730f9b7b8c9e447ffae7b209ed66f7c8, type: 3}
  m_PrefabInstance: {fileID: 8430031292806057567}
  m_PrefabAsset: {fileID: 0}
--- !u!224 &3636315068394523986 stripped
RectTransform:
  m_CorrespondingSourceObject: {fileID: 5083356174538998541, guid: 730f9b7b8c9e447ffae7b209ed66f7c8, type: 3}
  m_PrefabInstance: {fileID: 8430031292806057567}
  m_PrefabAsset: {fileID: 0}
--- !u!4 &5166578706000176833 stripped
Transform:
  m_CorrespondingSourceObject: {fileID: 3696931095294322846, guid: 730f9b7b8c9e447ffae7b209ed66f7c8, type: 3}
  m_PrefabInstance: {fileID: 8430031292806057567}
  m_PrefabAsset: {fileID: 0}
--- !u!1 &5214441771765290896 stripped
GameObject:
  m_CorrespondingSourceObject: {fileID: 4368517897596082639, guid: 730f9b7b8c9e447ffae7b209ed66f7c8, type: 3}
  m_PrefabInstance: {fileID: 8430031292806057567}
  m_PrefabAsset: {fileID: 0}
--- !u!95 &5636178395113461822 stripped
Animator:
  m_CorrespondingSourceObject: {fileID: 4236416826874648161, guid: 730f9b7b8c9e447ffae7b209ed66f7c8, type: 3}
  m_PrefabInstance: {fileID: 8430031292806057567}
  m_PrefabAsset: {fileID: 0}
--- !u!4 &5636329295969123174 stripped
Transform:
  m_CorrespondingSourceObject: {fileID: 4234860750159230265, guid: 730f9b7b8c9e447ffae7b209ed66f7c8, type: 3}
  m_PrefabInstance: {fileID: 8430031292806057567}
  m_PrefabAsset: {fileID: 0}
--- !u!33 &5636329295969123175 stripped
MeshFilter:
  m_CorrespondingSourceObject: {fileID: 4234860750159230264, guid: 730f9b7b8c9e447ffae7b209ed66f7c8, type: 3}
  m_PrefabInstance: {fileID: 8430031292806057567}
  m_PrefabAsset: {fileID: 0}
--- !u!23 &5636329295969123176 stripped
MeshRenderer:
  m_CorrespondingSourceObject: {fileID: 4234860750159230263, guid: 730f9b7b8c9e447ffae7b209ed66f7c8, type: 3}
  m_PrefabInstance: {fileID: 8430031292806057567}
  m_PrefabAsset: {fileID: 0}
--- !u!135 &5636329295969123177 stripped
SphereCollider:
  m_CorrespondingSourceObject: {fileID: 4234860750159230262, guid: 730f9b7b8c9e447ffae7b209ed66f7c8, type: 3}
  m_PrefabInstance: {fileID: 8430031292806057567}
  m_PrefabAsset: {fileID: 0}
--- !u!1 &5636329295969123178 stripped
GameObject:
  m_CorrespondingSourceObject: {fileID: 4234860750159230261, guid: 730f9b7b8c9e447ffae7b209ed66f7c8, type: 3}
  m_PrefabInstance: {fileID: 8430031292806057567}
  m_PrefabAsset: {fileID: 0}
--- !u!114 &4108225545606094558
MonoBehaviour:
  m_ObjectHideFlags: 0
  m_CorrespondingSourceObject: {fileID: 0}
  m_PrefabInstance: {fileID: 0}
  m_PrefabAsset: {fileID: 0}
  m_GameObject: {fileID: 5636329295969123178}
  m_Enabled: 1
  m_EditorHideFlags: 0
  m_Script: {fileID: 11500000, guid: 3ecb0103c7277438bb7495c4bd9da967, type: 3}
  m_Name: 
  m_EditorClassIdentifier: 
  trs: {fileID: 5636329295969123174}
  prefabIndex: 187
  collidable: 1
  activatable: 1
  notActivatableColorOffset:
    redOffset:
      operation: 0
      value: -0.35
    greenOffset:
      operation: 0
      value: -0.35
    blueOffset:
      operation: 0
      value: -0.35
    alphaOffset:
      operation: 0
      value: 0
  selectedColorOffset:
    redOffset:
      operation: 0
      value: 0.25
    greenOffset:
      operation: 0
      value: 0.25
    blueOffset:
      operation: 0
      value: 0.25
    alphaOffset:
      operation: 0
      value: 0
  rigid: {fileID: 3360194242650305015}
  collider: {fileID: 5636329295969123177}
  renderer: {fileID: 5636329295969123176}
  uiTrs: {fileID: 3286371465749516330}
  textTrs: {fileID: 3636315068394523986}
  childOptionsParent: {fileID: 5166578706000176833}
  text: {fileID: 7032054010941304272}
  hasHiddenChildIndicator: {fileID: 5214441771765290896}
  hasHiddenParentIndicator: {fileID: 8366601898844598022}
  justEnabled: 0
  previousJustEnabled: 0
  children: []
  parentingArrows: []
  recordingActivateInAutomationSequence: 0
  meshFilter: {fileID: 5636329295969123175}
  activateAnimationEntry:
    animatorStateName: Activate
    layer: 0
    animator: {fileID: 5636178395113461822}
  valueType: 4
  validNumberRange:
    min: 0
    max: 0
  importImageWithFileNameOption: {fileID: 0}
--- !u!114 &7032054010941304272 stripped
MonoBehaviour:
  m_CorrespondingSourceObject: {fileID: 1543506614313919375, guid: 730f9b7b8c9e447ffae7b209ed66f7c8, type: 3}
  m_PrefabInstance: {fileID: 8430031292806057567}
  m_PrefabAsset: {fileID: 0}
  m_GameObject: {fileID: 0}
  m_Enabled: 1
  m_EditorHideFlags: 0
  m_Script: {fileID: 11500000, guid: f4688fdb7df04437aeb418b961361dc5, type: 3}
  m_Name: 
  m_EditorClassIdentifier: 
--- !u!1 &8366601898844598022 stripped
GameObject:
  m_CorrespondingSourceObject: {fileID: 63429531420877145, guid: 730f9b7b8c9e447ffae7b209ed66f7c8, type: 3}
  m_PrefabInstance: {fileID: 8430031292806057567}
  m_PrefabAsset: {fileID: 0}
