%YAML 1.1
%TAG !u! tag:unity3d.com,2011:
--- !u!1001 &9041934898599849199
PrefabInstance:
  m_ObjectHideFlags: 0
  serializedVersion: 2
  m_Modification:
    serializedVersion: 3
    m_TransformParent: {fileID: 0}
    m_Modifications:
    - target: {fileID: 53389778063881557, guid: 4a79bc88165817497a56daf604ad0cb8, type: 3}
      propertyPath: m_text
      value: Future Parenting Arrows Color Option
      objectReference: {fileID: 0}
    - target: {fileID: 53389778063881557, guid: 4a79bc88165817497a56daf604ad0cb8, type: 3}
      propertyPath: m_fontSize
      value: 0.1
      objectReference: {fileID: 0}
    - target: {fileID: 579834759623459903, guid: 4a79bc88165817497a56daf604ad0cb8, type: 3}
      propertyPath: m_text
      value: 'Green (18):

        0'
      objectReference: {fileID: 0}
    - target: {fileID: 996350652532484242, guid: 4a79bc88165817497a56daf604ad0cb8, type: 3}
      propertyPath: m_Name
      value: Opacity
      objectReference: {fileID: 0}
    - target: {fileID: 2262833589745049545, guid: 4a79bc88165817497a56daf604ad0cb8, type: 3}
      propertyPath: m_Name
      value: Red
      objectReference: {fileID: 0}
    - target: {fileID: 2485182014277615144, guid: 4a79bc88165817497a56daf604ad0cb8, type: 3}
      propertyPath: m_text
      value: 'Opacity (18):

        1'
      objectReference: {fileID: 0}
    - target: {fileID: 2856796019652186757, guid: 4a79bc88165817497a56daf604ad0cb8, type: 3}
      propertyPath: m_Name
      value: Green
      objectReference: {fileID: 0}
    - target: {fileID: 3392109662843954147, guid: 4a79bc88165817497a56daf604ad0cb8, type: 3}
      propertyPath: m_RootOrder
      value: 0
      objectReference: {fileID: 0}
    - target: {fileID: 3392109662843954147, guid: 4a79bc88165817497a56daf604ad0cb8, type: 3}
      propertyPath: m_LocalPosition.x
      value: 0
      objectReference: {fileID: 0}
    - target: {fileID: 3392109662843954147, guid: 4a79bc88165817497a56daf604ad0cb8, type: 3}
      propertyPath: m_LocalPosition.y
      value: 0
      objectReference: {fileID: 0}
    - target: {fileID: 3392109662843954147, guid: 4a79bc88165817497a56daf604ad0cb8, type: 3}
      propertyPath: m_LocalPosition.z
      value: 0
      objectReference: {fileID: 0}
    - target: {fileID: 3392109662843954147, guid: 4a79bc88165817497a56daf604ad0cb8, type: 3}
      propertyPath: m_LocalRotation.w
      value: 1
      objectReference: {fileID: 0}
    - target: {fileID: 3392109662843954147, guid: 4a79bc88165817497a56daf604ad0cb8, type: 3}
      propertyPath: m_LocalRotation.x
      value: -0
      objectReference: {fileID: 0}
    - target: {fileID: 3392109662843954147, guid: 4a79bc88165817497a56daf604ad0cb8, type: 3}
      propertyPath: m_LocalRotation.y
      value: -0
      objectReference: {fileID: 0}
    - target: {fileID: 3392109662843954147, guid: 4a79bc88165817497a56daf604ad0cb8, type: 3}
      propertyPath: m_LocalRotation.z
      value: -0
      objectReference: {fileID: 0}
    - target: {fileID: 3392109662843954147, guid: 4a79bc88165817497a56daf604ad0cb8, type: 3}
      propertyPath: m_LocalEulerAnglesHint.x
      value: 0
      objectReference: {fileID: 0}
    - target: {fileID: 3392109662843954147, guid: 4a79bc88165817497a56daf604ad0cb8, type: 3}
      propertyPath: m_LocalEulerAnglesHint.y
      value: 0
      objectReference: {fileID: 0}
    - target: {fileID: 3392109662843954147, guid: 4a79bc88165817497a56daf604ad0cb8, type: 3}
      propertyPath: m_LocalEulerAnglesHint.z
      value: 0
      objectReference: {fileID: 0}
    - target: {fileID: 3392109662843954159, guid: 4a79bc88165817497a56daf604ad0cb8, type: 3}
      propertyPath: m_Name
      value: Future Parenting Arrows Color Option
      objectReference: {fileID: 0}
    - target: {fileID: 3515533765596858739, guid: 4a79bc88165817497a56daf604ad0cb8, type: 3}
      propertyPath: m_text
      value: 'Red (18):

        0'
      objectReference: {fileID: 0}
    - target: {fileID: 5060811644889284546, guid: 4a79bc88165817497a56daf604ad0cb8, type: 3}
      propertyPath: m_text
      value: 'Blue (18):

        0'
      objectReference: {fileID: 0}
    - target: {fileID: 7607988369310656888, guid: 4a79bc88165817497a56daf604ad0cb8, type: 3}
      propertyPath: m_Name
      value: Blue
      objectReference: {fileID: 0}
    m_RemovedComponents:
    - {fileID: 2744901598833531446, guid: 4a79bc88165817497a56daf604ad0cb8, type: 3}
    m_RemovedGameObjects: []
    m_AddedGameObjects: []
    m_AddedComponents:
    - targetCorrespondingSourceObject: {fileID: 3392109662843954159, guid: 4a79bc88165817497a56daf604ad0cb8, type: 3}
      insertIndex: -1
      addedObject: {fileID: 6935895181106772738}
  m_SourcePrefab: {fileID: 100100000, guid: 4a79bc88165817497a56daf604ad0cb8, type: 3}
--- !u!224 &3325588153286801720 stripped
RectTransform:
  m_CorrespondingSourceObject: {fileID: 6007163275914532311, guid: 4a79bc88165817497a56daf604ad0cb8, type: 3}
  m_PrefabInstance: {fileID: 9041934898599849199}
  m_PrefabAsset: {fileID: 0}
--- !u!224 &3588134048395732032 stripped
RectTransform:
  m_CorrespondingSourceObject: {fileID: 5526192764500101295, guid: 4a79bc88165817497a56daf604ad0cb8, type: 3}
  m_PrefabInstance: {fileID: 9041934898599849199}
  m_PrefabAsset: {fileID: 0}
--- !u!54 &3670956359326467485 stripped
Rigidbody:
  m_CorrespondingSourceObject: {fileID: 5731600981336910194, guid: 4a79bc88165817497a56daf604ad0cb8, type: 3}
  m_PrefabInstance: {fileID: 9041934898599849199}
  m_PrefabAsset: {fileID: 0}
--- !u!95 &5937908031216839764 stripped
Animator:
  m_CorrespondingSourceObject: {fileID: 3394808149589229755, guid: 4a79bc88165817497a56daf604ad0cb8, type: 3}
  m_PrefabInstance: {fileID: 9041934898599849199}
  m_PrefabAsset: {fileID: 0}
--- !u!1 &5938090831871971072 stripped
GameObject:
  m_CorrespondingSourceObject: {fileID: 3392109662843954159, guid: 4a79bc88165817497a56daf604ad0cb8, type: 3}
  m_PrefabInstance: {fileID: 9041934898599849199}
  m_PrefabAsset: {fileID: 0}
--- !u!114 &6935895181106772738
MonoBehaviour:
  m_ObjectHideFlags: 0
  m_CorrespondingSourceObject: {fileID: 0}
  m_PrefabInstance: {fileID: 0}
  m_PrefabAsset: {fileID: 0}
  m_GameObject: {fileID: 5938090831871971072}
  m_Enabled: 1
  m_EditorHideFlags: 0
  m_Script: {fileID: 11500000, guid: f3e7e2ecdda56dd4d88c0d4bf781d387, type: 3}
  m_Name: 
  m_EditorClassIdentifier: 
  trs: {fileID: 5938090831871971084}
  prefabIndex: 98
  collidable: 1
  activatable: 1
  notActivatableColorOffset:
    redOffset:
      operation: 0
      value: -0.35
    greenOffset:
      operation: 0
      value: -0.35
    blueOffset:
      operation: 0
      value: -0.35
    alphaOffset:
      operation: 0
      value: 0
  selectedColorOffset:
    redOffset:
      operation: 0
      value: 0.25
    greenOffset:
      operation: 0
      value: 0.25
    blueOffset:
      operation: 0
      value: 0.25
    alphaOffset:
      operation: 0
      value: 0
  rigid: {fileID: 3670956359326467485}
  collider: {fileID: 5938090831871971075}
  renderer: {fileID: 5938090831871971074}
  uiTrs: {fileID: 3588134048395732032}
  textTrs: {fileID: 3325588153286801720}
  childOptionsParent: {fileID: 6621217731689222827}
  text: {fileID: 9063153788921190842}
  hasHiddenChildIndicator: {fileID: 6056636358110290938}
  hasHiddenParentIndicator: {fileID: 7515436436797774700}
  justEnabled: 0
  previousJustEnabled: 0
  children: []
  parentingArrows: []
  recordingActivateInAutomationSequence: 0
  meshFilter: {fileID: 5938090831871971085}
  activateAnimationEntry:
    animatorStateName: Activate
    layer: 0
    animator: {fileID: 5937908031216839764}
  valueType: 7
  value: {r: 0, g: 0, b: 0, a: 0}
--- !u!23 &5938090831871971074 stripped
MeshRenderer:
  m_CorrespondingSourceObject: {fileID: 3392109662843954157, guid: 4a79bc88165817497a56daf604ad0cb8, type: 3}
  m_PrefabInstance: {fileID: 9041934898599849199}
  m_PrefabAsset: {fileID: 0}
--- !u!135 &5938090831871971075 stripped
SphereCollider:
  m_CorrespondingSourceObject: {fileID: 3392109662843954156, guid: 4a79bc88165817497a56daf604ad0cb8, type: 3}
  m_PrefabInstance: {fileID: 9041934898599849199}
  m_PrefabAsset: {fileID: 0}
--- !u!4 &5938090831871971084 stripped
Transform:
  m_CorrespondingSourceObject: {fileID: 3392109662843954147, guid: 4a79bc88165817497a56daf604ad0cb8, type: 3}
  m_PrefabInstance: {fileID: 9041934898599849199}
  m_PrefabAsset: {fileID: 0}
--- !u!33 &5938090831871971085 stripped
MeshFilter:
  m_CorrespondingSourceObject: {fileID: 3392109662843954146, guid: 4a79bc88165817497a56daf604ad0cb8, type: 3}
  m_PrefabInstance: {fileID: 9041934898599849199}
  m_PrefabAsset: {fileID: 0}
--- !u!1 &6056636358110290938 stripped
GameObject:
  m_CorrespondingSourceObject: {fileID: 2987603233987448597, guid: 4a79bc88165817497a56daf604ad0cb8, type: 3}
  m_PrefabInstance: {fileID: 9041934898599849199}
  m_PrefabAsset: {fileID: 0}
--- !u!4 &6621217731689222827 stripped
Transform:
  m_CorrespondingSourceObject: {fileID: 2781022868221918788, guid: 4a79bc88165817497a56daf604ad0cb8, type: 3}
  m_PrefabInstance: {fileID: 9041934898599849199}
  m_PrefabAsset: {fileID: 0}
--- !u!1 &7515436436797774700 stripped
GameObject:
  m_CorrespondingSourceObject: {fileID: 1528785692213884803, guid: 4a79bc88165817497a56daf604ad0cb8, type: 3}
  m_PrefabInstance: {fileID: 9041934898599849199}
  m_PrefabAsset: {fileID: 0}
--- !u!114 &9063153788921190842 stripped
MonoBehaviour:
  m_CorrespondingSourceObject: {fileID: 53389778063881557, guid: 4a79bc88165817497a56daf604ad0cb8, type: 3}
  m_PrefabInstance: {fileID: 9041934898599849199}
  m_PrefabAsset: {fileID: 0}
  m_GameObject: {fileID: 0}
  m_Enabled: 1
  m_EditorHideFlags: 0
  m_Script: {fileID: 11500000, guid: f4688fdb7df04437aeb418b961361dc5, type: 3}
  m_Name: 
  m_EditorClassIdentifier: 
