%YAML 1.1
%TAG !u! tag:unity3d.com,2011:
--- !u!1 &7978240454226954766
GameObject:
  m_ObjectHideFlags: 0
  m_CorrespondingSourceObject: {fileID: 0}
  m_PrefabInstance: {fileID: 0}
  m_PrefabAsset: {fileID: 0}
  serializedVersion: 6
  m_Component:
  - component: {fileID: 5667875618620485993}
  - component: {fileID: 4888156968062784403}
  - component: {fileID: 833713908}
  - component: {fileID: 833713907}
  m_Layer: 0
  m_Name: Game Manager
  m_TagString: Untagged
  m_Icon: {fileID: 0}
  m_NavMeshLayer: 0
  m_StaticEditorFlags: 0
  m_IsActive: 1
--- !u!4 &5667875618620485993
Transform:
  m_ObjectHideFlags: 0
  m_CorrespondingSourceObject: {fileID: 0}
  m_PrefabInstance: {fileID: 0}
  m_PrefabAsset: {fileID: 0}
  m_GameObject: {fileID: 7978240454226954766}
  serializedVersion: 2
  m_LocalRotation: {x: 0, y: 0, z: 0, w: 1}
  m_LocalPosition: {x: 0, y: 0, z: 0}
  m_LocalScale: {x: 1, y: 1, z: 1}
  m_ConstrainProportionsScale: 0
  m_Children:
  - {fileID: 2960257661380993907}
  - {fileID: 5514808583411957493}
  - {fileID: 2778971464981238258}
  - {fileID: 9052765293545041856}
  - {fileID: 5644345508892127625}
  m_Father: {fileID: 0}
  m_LocalEulerAnglesHint: {x: 0, y: 0, z: 0}
--- !u!114 &4888156968062784403
MonoBehaviour:
  m_ObjectHideFlags: 0
  m_CorrespondingSourceObject: {fileID: 0}
  m_PrefabInstance: {fileID: 0}
  m_PrefabAsset: {fileID: 0}
  m_GameObject: {fileID: 7978240454226954766}
  m_Enabled: 1
  m_EditorHideFlags: 0
  m_Script: {fileID: 11500000, guid: 64ee96cfd35d97944bfe33b4d39732ad, type: 3}
  m_Name: 
  m_EditorClassIdentifier: 
  handleMultipleInstances: 0
  persistant: 0
  assetsData: []
  notificationText: {fileID: 0}
  gameModifiersDict:
    keys:
    - Can save
    values:
    - name: Can save
      isActive: 1
--- !u!114 &833713908
MonoBehaviour:
  m_ObjectHideFlags: 0
  m_CorrespondingSourceObject: {fileID: 0}
  m_PrefabInstance: {fileID: 0}
  m_PrefabAsset: {fileID: 0}
  m_GameObject: {fileID: 7978240454226954766}
  m_Enabled: 1
  m_EditorHideFlags: 0
  m_Script: {fileID: 11500000, guid: 71b4fb5d23d853543bacd1d38354813a, type: 3}
  m_Name: 
  m_EditorClassIdentifier: 
  handleMultipleInstances: 0
  persistant: 0
  currentSpawnOrientationOption: {fileID: 0}
  currentSpawnBehaviourOptionsDict:
    keys: 180000001900000082000000860000008b000000b6000000b8000000
    values:
    - {fileID: 0}
    - {fileID: 0}
    - {fileID: 0}
    - {fileID: 0}
    - {fileID: 0}
    - {fileID: 0}
    - {fileID: 0}
  deltaTimeOption: {fileID: 0}
  randomValueOption: {fileID: 0}
  importModelWithFileNameOption: {fileID: 0}
  importAudioWithFileNameOption: {fileID: 0}
  activationBehaviourOptionPrefab: {fileID: 6619186458763163393, guid: c77f9a88969d362f08a4315b6ab6b3ce, type: 3}
  optionPrefab: {fileID: 9047757973887699495, guid: 33bd8828c4f9d144cb4285cf9d726346, type: 3}
  typingTargetOptionPrefab: {fileID: 639443990285838802, guid: 730f9b7b8c9e447ffae7b209ed66f7c8, type: 3}
  instrumentOptionPrefab: {fileID: 4528436766883790319, guid: c00ee2efdf7a073438f74f9bd7a67d49, type: 3}
  fileOptionPrefab: {fileID: 6922982128771394165, guid: 0398cbad5aceb595580ab06434d00462, type: 3}
  fileInstanceOptionPrefab: {fileID: 9007146224155225896, guid: 948b53ebe0dae93e98867e19285dd547, type: 3}
  soundFileOptionPrefab: {fileID: 8270623978780092010, guid: 98487fd084a8ee19f9fb745e4f804847, type: 3}
  soundFileInstanceOptionPrefab: {fileID: 4175705319970781467, guid: e0dcda32c9c42548abb153a90d21b6ee, type: 3}
  modulationOptionPrefab: {fileID: 1472822847778530223, guid: 8fbd567174f9df145bdab1fc159dc1b2, type: 3}
  modulationTargetValueRangeOptionPrefab: {fileID: 8015523968727512369, guid: 83acd36ba97a5d548b3147ceb41e6f99, type: 3}
  boolOptionPrefab: {fileID: 1769244139501368936, guid: b9f1be31ac5500b43b5b9daeb63e8cde, type: 3}
  enumOptionPrefab: {fileID: 8852734040409736845, guid: e88d41a1345ed4f4aa9a335a44b2a029, type: 3}
  codeCommandOptionPrefab: {fileID: 5912693203819879556, guid: d7af54b9176966b48b9171ffa2adb0ee, type: 3}
  codeCommandRunOptionPrefab: {fileID: 1046655127467366970, guid: 6ca45ce632aa6474f87dab37c25923f1, type: 3}
  automationOptionPrefab: {fileID: 2107535630844648311, guid: 8599395a8f1fd874dab40f44f30ee8f5, type: 3}
  automationSequenceEntryOptionPrefab: {fileID: 8928758351669135348, guid: 834d73343aacf3d47aaf0aea772c5de9, type: 3}
  conditionalOptionPrefab: {fileID: 7615331037047149471, guid: 87558abd884f6d6458d1757cc94fe125, type: 3}
  deltaTimeOptionPrefab: {fileID: 3814006399730330559, guid: 9effcaa0f19f2734fb8dd4c58e4ebb60, type: 3}
  randomValueOptionPrefab: {fileID: 7052046731234687778, guid: 979d47638de1a0340bb84665da423b80, type: 3}
  transformOptionPrefab: {fileID: 2744901598833531446, guid: 45b1116a4784d91819518690981de38f, type: 3}
  modelFileOptionPrefab: {fileID: 4716998485207786977, guid: eeaa8e1812c722705abdea4094f953df, type: 3}
  modelFileInstanceOptionPrefab: {fileID: 4943398378420501095, guid: bd716d1c50a02336b8fba79a85345b3c, type: 3}
  spawnOrientationOptionPrefab: {fileID: 8172947301421425643, guid: 5f83041a6396194458ac7a7396aeaf36, type: 3}
  setterOptionPrefab: {fileID: 359389062819162090, guid: 3d3dbc2cca9f6d846b23ab236f45d148, type: 3}
  vector3OptionPrefab: {fileID: 2744901598833531446, guid: e0f1f34d0b73d3a4dbb286d327711040, type: 3}
  oneInputOperationsOptionPrefab: {fileID: 323360827380316022, guid: 7c98fa9327ccb2560af79cf633f367c8, type: 3}
  twoInputsOperationsOptionPrefab: {fileID: 4814891860367129449, guid: 6f76fb0ba0374054ebcca98d58262927, type: 3}
  colorOptionPrefab: {fileID: 2744901598833531446, guid: 4a79bc88165817497a56daf604ad0cb8, type: 3}
  toneOptionPrefab: {fileID: 0}
  setTextColorOptionPrefab: {fileID: 5389307511370463200, guid: a7830d2fe656d223d997728756b22d79, type: 3}
  duplicateChildrenOptionPrefab: {fileID: 2804119779360798766, guid: 60cc29820d1a6f0b18964c714b6f810c, type: 3}
  inputBoolOptionPrefab: {fileID: 9007146224155225896, guid: 4e529030fda8a70ad9685d6198adcaf7, type: 3}
  imageFileOptionPrefab: {fileID: 885611060087507203, guid: f732cdfbc84780748b31262a23186a4f, type: 3}
  imageFileInstanceOptionPrefab: {fileID: 4943398378420501095, guid: a2bc8d368e29b9ecf8410cf4a6dd5c18, type: 3}
  importImageWithFileNameOptionPrefab: {fileID: 6681437310770069162, guid: f8ce25ed81c21a3de97bbe605bb0ce14, type: 3}
  imageFilePathOptionPrefab: {fileID: 4108225545606094558, guid: bee0ccdf6d581ad03b785b40657b0cb7, type: 3}
  collisionOptionPrefab: {fileID: 8403766847552285778, guid: 29b8cfa188ea88f13a017400c5710ceb, type: 3}
  contactPointOptionPrefab: {fileID: 9127491622289769500, guid: d644c06887ba67083acc26b9d9848128, type: 3}
  getChildrenTransformValuesOptionPrefab: {fileID: 8093518544566601413, guid: 97c5542dde40ea6e68520f8a974a6b7d, type: 3}
  inputTransformOptionPrefab: {fileID: 3571868794512171021, guid: b488ead840c8d8949b3c83baf40454ee, type: 3}
  inputTransformTypeOptionPrefab: {fileID: 8882924439689893948, guid: d54a4d5d588cecb43b3cf30c855ae4b1, type: 3}
  toggleChildrenOptionPrefab: {fileID: 7242791398725580814, guid: 2c8bf26ac90c95a4f86f86b20fc47738, type: 3}
  toggleSelfAndChildrenOptionPrefab: {fileID: 4056325599706239155, guid: 097fcec083e0a444085b4096ec91a9a6, type: 3}
  deleteChildrenOptionPrefab: {fileID: 6364510828626387323, guid: 4dff2d533d6704c44aa5177b4f7c6d5e, type: 3}
  deleteSelfAndChildrenOptionPrefab: {fileID: 757818940510647653, guid: dc8e41ee6d0e91844b5eafec7218b0ae, type: 3}
  showChildrenOptionPrefab: {fileID: 3869416998216981691, guid: 57a4b0f2da20e3341b9d82cdc3e9780f, type: 3}
  showSelfAndChildrenOptionPrefab: {fileID: 1260560992364760766, guid: f0d91274da6aa754fad4c6be6bc69f60, type: 3}
  hideChildrenOptionPrefab: {fileID: 476916240211011929, guid: f913b6e7d365bf628a24f56fe4ac874d, type: 3}
  hideSelfAndChildrenOptionPrefab: {fileID: 5329337499244150770, guid: 41acf338fb1907ef68fc6e9a6a262c20, type: 3}
  toggleChildrenCollidableOptionPrefab: {fileID: 8412584242714491258, guid: 950544f0b9551348eb738e9f46192a77, type: 3}
  setChildrenCollidableOptionPrefab: {fileID: 6111075960346540833, guid: 2cae00493a7514227b8ef63cd171108c, type: 3}
  setChildrenUncollidableOptionPrefab: {fileID: 4058801777324252901, guid: 354fb4df5512944cbb8c2a84fdbc0c47, type: 3}
  quitOptionPrefab: {fileID: 3840798160849553725, guid: 7bdd581f2a2a4264c822619d8d47bb5c, type: 3}
  typingOptionPrefab: {fileID: 5354446406054096983, guid: 4b9d2325c8a06164aaf828a2e9ac7622, type: 3}
  backspaceOptionPrefab: {fileID: 204294122562381810, guid: 57663fc8d2017f543b87b6d596034e31, type: 3}
  minBounceSpeedOptionPrefab: {fileID: 3236794509151224308, guid: 6fd7b5b529c8a424aa1c4b802999d614, type: 3}
  futureParentingArrowsColorOptionPrefab: {fileID: 6935895181106772738, guid: ffb542c4f7cc34644abd9f4050b3ced4, type: 3}
  redOptionPrefab: {fileID: 4875997713764493189, guid: 385cd40acd8307f47b06a4f8d9b183c1, type: 3}
  greenOptionPrefab: {fileID: 4890415121331605713, guid: 9f3234de4733bcd46a26e2089b9d5b38, type: 3}
  blueOptionPrefab: {fileID: 5152254996420705490, guid: 2e7efca7627c02e4881c916d0dc78088, type: 3}
  alphaOptionPrefab: {fileID: 6807029031042260859, guid: de8d9017088fdb94c9565582ffc6fb34, type: 3}
  setVector3XOptionPrefab: {fileID: 2045731890629282084, guid: 775120c2844ca8330a674cba4cf45bc3, type: 3}
  setVector3YOptionPrefab: {fileID: 2045731890629282084, guid: 8fe162574b502920a9c400d6142476e9, type: 3}
  setVector3ZOptionPrefab: {fileID: 2045731890629282084, guid: 2c24b611445b57294909701e10a6cb93, type: 3}
  getVector3XOptionPrefab: {fileID: 1470670634479874331, guid: 1273039fb97c6edda8007a9698dfea16, type: 3}
  getVector3YOptionPrefab: {fileID: 5196223731704385788, guid: 16afe7182151dc125a5eaa4815c779d7, type: 3}
  getVector3ZOptionPrefab: {fileID: 7613334019414828635, guid: 793cbd896d7f421fbb6f764f02f75723, type: 3}
  transformPositionOptionPrefab: {fileID: 6635863182574668791, guid: f6c100fad02a1ba71a00f6854f42e495, type: 3}
  transformRotationOptionPrefab: {fileID: 794150305229517707, guid: 3b3270a4022c484a8b2722190519defd, type: 3}
  transformSizeOptionPrefab: {fileID: 3209162923743228643, guid: 39d477d83dcbab3568aa0e0784119b82, type: 3}
  useDRMOptionPrefab: {fileID: 1545187759628827285, guid: 0b7916f30144f2f3ca8b567f07283e5f, type: 3}
  enumValueOptionPrefab: {fileID: 4551162209960261723, guid: 5d8bae4cd683fd0e39ed2bb4b5427934, type: 3}
  enumFlagOptionPrefab: {fileID: 1156608035280067116, guid: ddff4a1602dfda6eb9cd2187cdac6fd4, type: 3}
  inputBoolTypeOptionPrefab: {fileID: 858710167834973844, guid: 0b6a9514e09429a50baf78a7652b5c0f, type: 3}
  inputBoolUseLeftHandOptionPrefab: {fileID: 5950888585951517762, guid: c10728205e7f71091b347a37630eaa0c, type: 3}
  physicsModeOptionPrefab: {fileID: 4489346069976908218, guid: 0265f32efcecec4cf87cf379916bdd57, type: 3}
  recordStartOfCollisionsOptionPrefab: {fileID: 316362406108534681, guid: 21302e23ca141b2788272fb87e6fb7e2, type: 3}
  recordContinuedCollisionsOptionPrefab: {fileID: 1628437051818034912, guid: 82810e0090e5ce7bd8d0564049f7cfe8, type: 3}
  recordEndOfCollisionsOptionPrefab: {fileID: 2688510921165479354, guid: 097f0bdb81d3970f7b95e056d13508ef, type: 3}
  physicsObjectVisibleOptionPrefab: {fileID: 1191062704948018444, guid: 9bc1330c96474364f829558b340c7b11, type: 3}
  physicsObjectVelocityOptionPrefab: {fileID: 8783749785156933601, guid: 5273961139da634e6a48048b09a74b60, type: 3}
  massOptionPrefab: {fileID: 6713222651616896663, guid: 009282b21991bc3c7aa71028c2260928, type: 3}
  staticFrictionOptionPrefab: {fileID: 5525900273762830161, guid: b7b74af0f1f8f96acae7f91646c5b0d4, type: 3}
  dynamicFrictionOptionPrefab: {fileID: 6663753324855314645, guid: 4bde621817e4834b78ef9f645f7e3d76, type: 3}
  bouncinessOptionPrefab: {fileID: -4388107983811567684, guid: 398fb21ec026e63c7bd2407fd3bf42cd, type: 3}
  dragOptionPrefab: {fileID: 1520447219280004489, guid: f3b27b3c2d3bf98eeb482d1b580efa36, type: 3}
  angularDragOptionPrefab: {fileID: 4782067708197398038, guid: 033889f12f3084d11a26c356129e3de7, type: 3}
  setChildrenMeshesOptionPrefab: {fileID: 6023139235796901282, guid: 08d021315971ff3e4b242c59264ea2ca, type: 3}
  makeFileInstanceOptionPrefab: {fileID: 6316803086660077750, guid: 77f31a0ff9941cd85a2720afad964317, type: 3}
  deleteFileInstancesOptionPrefab: {fileID: 5159416162577934578, guid: 81d44c4bbf5aa2493a629fa58717728f, type: 3}
  deleteSystemComponentOptionPrefab: {fileID: 1264193736500313201, guid: e46d5c228d29f374c9ecf8ee1bc90051, type: 3}
  renameSystemComponentOptionPrefab: {fileID: 6673981793273004253, guid: a197a1951a0a72d9c9adb907a1b2d822, type: 3}
  activationBehaviourTriggerTypeOptionPrefab: {fileID: 5794135440042548806, guid: b3c96f0f654ef9da981dc454b961ea27, type: 3}
  activateBeforeEventOptionPrefab: {fileID: 4240361693058192560, guid: 77ac913928a4b1122842eeb41b4b8a88, type: 3}
  activateAfterEventOptionPrefab: {fileID: 6111415809688289925, guid: f5791221271f5a7eeaced223485a2d58, type: 3}
  oneInputOperationTypeOptionPrefab: {fileID: 990814341774498911, guid: 0eee2169e1957a2799e2fa57aa33b650, type: 3}
  oneInputOperationsTooManyChildrenBehaviourOptionPrefab: {fileID: 1284328187564643496, guid: 0430d3f5fb092a0b1bdeb47e47694916, type: 3}
  twoInputsOperationTypeOptionPrefab: {fileID: 6618646163303827703, guid: 04fed08f2936d4a228d3da0324f1b5a0, type: 3}
  twoInputsOperationsTooManyChildrenBehaviourOptionPrefab: {fileID: 82083554369171741, guid: a61c395edd1b179349a24277a2948e75, type: 3}
  automationTimeMultiplierOptionPrefab: {fileID: 2830428927337312561, guid: edd933187aa2ae919a8778789c777a24, type: 3}
  pauseAutomationRecordingOptionPrefab: {fileID: 3464062734309482257, guid: 636f3077084a45fb488a2461ded84fcf, type: 3}
  pauseAutomationPlaybackOptionPrefab: {fileID: 9058726403840390679, guid: e20776fc0aca62c20b4005bfa9ed24e2, type: 3}
  automationReferenceNewOptionsOptionPrefab: {fileID: 8917019959738171308, guid: 4070b47ad3d94490bb17a823efa30ebc, type: 3}
  automationRecordLeftHandOptionPrefab: {fileID: 5805829602950832029, guid: 447e31b24c0e460bc83a0fd51b71841a, type: 3}
  invalidOptionFixBehaviourOptionPrefab: {fileID: 3946579681390164553, guid: a404f744e140892f79eb5227ac5a2b78, type: 3}
  invalidOptionContinueSequenceBehaviourOptionPrefab: {fileID: 3755150214570067839, guid: e5e39b67514b11f87b1887950f03443d, type: 3}
  duplicateSequenceEntryIndexBehaviourOptionPrefab: {fileID: 0}
  automationSequenceEntryTimeOptionPrefab: {fileID: 0}
  automationSequenceEntryIndexOptionPrefab: {fileID: 0}
  codeCommandContentsOptionPrefab: {fileID: 1727130176435542220, guid: 5361a71e4c963c157b190692a80cc6d7, type: 3}
  codeCommandRunRepeatedlyOptionPrefab: {fileID: 6130423406741056812, guid: a6d417a416e1f0e8fb1f734806e28571, type: 3}
  conditionalTooManyChildrenBehaviourOptionPrefab: {fileID: 219699065029875051, guid: 2e8fa31b46262c6cdab18945b0614288, type: 3}
  renameOptionPrefab: {fileID: 6044942443107062400, guid: 2c15b5a43c40480a6945d5689f74c287, type: 3}
  newNameOptionPrefab: {fileID: 2386817813200314819, guid: 238f64d1301e1fa828d8e2661926e4dd, type: 3}
  instrumentRadiusOptionPrefab: {fileID: 2267178619253455182, guid: cef887620cd54ed11b59a2d5dd6b2e3b, type: 3}
  instrumentMaxLengthOptionPrefab: {fileID: 3426217220759146310, guid: f020a48ba1ee29799bbab25c7abdd5df, type: 3}
  newProjectOptionPrefab: {fileID: 6794442334920470880, guid: cae4c04977a6d36bfa35cd20e935985f, type: 3}
  loadProjectOptionPrefab: {fileID: 3924862311995622845, guid: 24bb9b22638b0fd65b9deb5e3ad503cf, type: 3}
  loadProjectPathOptionPrefab: {fileID: 1517064724403729413, guid: 723a270ea239167b796d3c9cca4cf0c2, type: 3}
  saveProjectOptionPrefab: {fileID: 8458806290430552164, guid: 79608500053b22c59979dd3b87e02b37, type: 3}
  saveProjectPathOptionPrefab: {fileID: 870798338865100135, guid: 1f35185d5e0a44e96b7732ffb0831fbb, type: 3}
  maxUsersOptionPrefab: {fileID: 6484470703481507189, guid: 921d17d6754685e088e9af8e162155fe, type: 3}
  startAutomationPlaybackOptionPrefab: {fileID: 3571078647945887903, guid: 21ae407abc8466a04aafe1f3f88da9cf, type: 3}
  endAutomationPlaybackOptionPrefab: {fileID: 1902265034302099136, guid: bbb2d614ad00b34f5928c3c1d462e0c5, type: 3}
  automationRecordRightHandOptionPrefab: {fileID: 7685035051467384815, guid: e7de7a7c531d1ad549f919901223a844, type: 3}
  automationRecordInvalidHandOptionPrefab: {fileID: 2524105249210065375, guid: 210c2d6fb36fb62db8d1b7a54a14bbae, type: 3}
  startAutomationRecordingOptionPrefab: {fileID: 1659074751467083025, guid: 1ca4bf47397b0c31e88f4c64554b0bba, type: 3}
  endAutomationRecordingOptionPrefab: {fileID: 5687349284398735663, guid: 6f541d62dd062e0dcaaa38d6cebc3424, type: 3}
  importModelWithFileNameOptionPrefab: {fileID: 4533795951899600052, guid: 4300867131b0e4aacba038e594d8ad4b, type: 3}
  modelFilePathOptionPrefab: {fileID: 1874981700756534062, guid: 64133f09185b66b13b3ed213aba77fad, type: 3}
  importAudioWithFileNameOptionPrefab: {fileID: 5840402315654255998, guid: aee254f037844c3e596928c3a9d5877f, type: 3}
  audioFilePathOptionPrefab: {fileID: 4171342517170358874, guid: 443bc142a3a441500a6bfaba6cf411c1, type: 3}
  duplicateChildrenKeepParentingArrowsBehaviourOptionPrefab: {fileID: 2210115300920626745, guid: f44f04f750f34f25db55d25e7d295f78, type: 3}
  setterInvalidChildBehaviourOptionPrefab: {fileID: 329194355189889455, guid: a53824d8658dbe560887fe5d3739d72b, type: 3}
  setterTooManyChildrenBehaviourOptionPrefab: {fileID: 5392101910907368318, guid: 15c0248eda1e024f5a04b4b4314cd2db, type: 3}
  conditionalComparisonTypeOptionPrefab: {fileID: 7883931694549673414, guid: 63fa98346e15b08fd9b49ad1f1c77724, type: 3}
  startAudioRecordingOptionPrefab: {fileID: 0}
  physicsObjectAngularVelocityOptionPrefab: {fileID: 228518133547316204, guid: 7595e13c537a4215ea35e2bfdc2c14c7, type: 3}
  setMeshColliderOptionPrefab: {fileID: 9111714398997151764, guid: 30e548d14d8554b6d9efe78504f08f95, type: 3}
  constrainTypeOptionPrefab: {fileID: 17430138943401152, guid: 988b51eff9cb5a44abec70843a017b4f, type: 3}
  frictionCombineModeOptionPrefab: {fileID: 2402993050989496066, guid: 87df9c6783439113fbf08ab64cec4242, type: 3}
  bouncinessCombineModeOptionPrefab: {fileID: 5968438584367210192, guid: 4061e8ff69ca8ced0a76767c859735d2, type: 3}
  shaderNameOptionPrefab: {fileID: 3047368714387275957, guid: 257372f7b9e0b47789cd73746c257b27, type: 3}
  skyboxOptionPrefab: {fileID: 491791268583186628, guid: a1a576a31cab53335a0b3a7f71f6d2b6, type: 3}
  materialFolderPathOptionPrefab: {fileID: 8042498067382263924, guid: 974c45c01b1c30748bfb59de3f249b2e, type: 3}
  soundPitchOptionPrefab: {fileID: 2476284697555890459, guid: 62e5a6d51936a9ae7a3e9f24d0a14b53, type: 3}
  soundVolumeOptionPrefab: {fileID: 865062156751781704, guid: a4b8edc6923510b05801f063df25eab4, type: 3}
  soundPanOptionPrefab: {fileID: 8690541152468614703, guid: 4dcde144475f5e4d48d06a560d9eefc0, type: 3}
  maxDepenetrationSpeedOptionPrefab: {fileID: 3117722941188705950, guid: 7fc48cbf6b65e0618b406353d9468b1d, type: 3}
  contactOffsetOptionPrefab: {fileID: 8974385792079939337, guid: 8535bdb2413366a73ba2b89facc477be, type: 3}
  spawnOrientationDeleteCurrentBehaviourOptionPrefab: {fileID: 0}
  spawnOrientationMakeCurrentOptionPrefab: {fileID: 0}
  instrumentGraphicsAreVisibleOptionPrefab: {fileID: 5740978738622424074, guid: ac5a8a52154576af38d291b86d27632d, type: 3}
  spawnBehaviourOptionPrefab: {fileID: 4174641813096732582, guid: cd7c8f7f13cd0d1d7af457151468ec2e, type: 3}
  spawnBehaviourMakeCurrentOptionPrefab: {fileID: 1195793076135680788, guid: d9461281608ea4fc287d7f8b16fc4612, type: 3}
  spawnBehaviourDeleteCurrentBehaviourOptionPrefab: {fileID: 9194988739975097677, guid: 98539b64c1e78195794973c48b02e694, type: 3}
  folderOptionPrefab: {fileID: 0}
  systemComponentOptionPrefab: {fileID: 0}
  arbitraryFloatOptionPrefab: {fileID: 8010991688606545545, guid: d227209fd27d07c499d5b689702b97f6, type: 3}
  arbitraryIntOptionPrefab: {fileID: 7657609169160798295, guid: 2e4c120974f82c28c83eb27d747e0445, type: 3}
  toggleParentingArrowsOptionPrefab: {fileID: 5145729853397199095, guid: 4f78134a6c95583f1865dd09e8253f06, type: 3}
  makeParentingArrowsOptionPrefab: {fileID: 5911887315833697724, guid: 35e981e4692cf63439ceb13c54384f9d, type: 3}
  deleteParentingArrowsOptionPrefab: {fileID: 1355592944347926268, guid: 55d9cdda5338585429b9cb905b37bb45, type: 3}
  importFolderOptionPrefab: {fileID: 5363387474588193594, guid: 1ae919d55699acc4ba0835b0534b473d, type: 3}
  importFolderPathOptionPrefab: {fileID: 6095844659232584658, guid: fc9d63132fed99a41b7a0b45f85dcacd, type: 3}
  setTextSizeOptionPrefab: {fileID: 6350049341302231712, guid: 7cd030de381b99949a1a0086debf52bc, type: 3}
  transformMeshVerticesOptionPrefab: {fileID: 3158036258723050885, guid: bc4dd0edeb012989bb5349ce3264d4d0, type: 3}
  deleteMeshVerticesOptionPrefab: {fileID: 6292888706513751014, guid: a9c606002055cd16bbb143996defdb1d, type: 3}
  deleteMeshFacesOptionPrefab: {fileID: 2026215302428741907, guid: c4d2ebceb9b5b8557bfd0bfa4c6e7dae, type: 3}
  duplicateAndTransformMeshFacesOptionPrefab: {fileID: 7413165502019312641, guid: 5d9665dd64bc0e9b48b6c084076be253, type: 3}
  startEmittingSoundOptionPrefab: {fileID: 6620052469608602827, guid: ce784a5510b8d7346af5f58c3de2f737, type: 3}
  stopEmittingSoundOptionPrefab: {fileID: 1429828865613542928, guid: 4d66e4a65b9485547ade22d5bc6dfe4b, type: 3}
  soundMinDistanceOptionPrefab: {fileID: 2393722259394487200, guid: 1ee1ec43c4f55712d868d3603370808d, type: 3}
  soundMaxDistanceOptionPrefab: {fileID: 3184314094896904274, guid: c667581f5690dc02abb4d3a89d0e019e, type: 3}
  lightOptionPrefab: {fileID: 8176968847461624097, guid: d3be07855356d91b0bd8a967d03616c3, type: 3}
  lightTypeOptionPrefab: {fileID: 840756365858246113, guid: 6f9a42cab31f31444be9a9a40baf242f, type: 3}
  lightColorOptionPrefab: {fileID: 9058295365874106355, guid: b6e6aab071a921c5e857204210ec35b5, type: 3}
  lightIntensityOptionPrefab: {fileID: 6833133691811290225, guid: f881d993949f8e44e9a2ea9e9051770e, type: 3}
  lightRangeOptionPrefab: {fileID: 5073202952573333550, guid: 002583ac9a1f3cc64832117fa9960046, type: 3}
  lightRenderModeOptionPrefab: {fileID: 1000293387420686197, guid: a5c2744c77533b683a74de09e5741a83, type: 3}
  lightInnerSpotAngleOptionPrefab: {fileID: 1847183688554521463, guid: 8fb54e52461215124914ab9d20eab2a6, type: 3}
  lightOuterSpotAngleOptionPrefab: {fileID: 5296748070920852385, guid: 1670bfc432ae89a2dba95a02b087bfed, type: 3}
  divOptionPrefab: {fileID: 6195931451728738941, guid: 21d2b33b3c794deca8b5825b92409852, type: 3}
  urlOptionPrefab: {fileID: 2470737906753875652, guid: 7f9610c3aa9a929e683e092c2891ad1b, type: 3}
  divIdOptionPrefab: {fileID: 0}
  divClassNameOptionPrefab: {fileID: 0}
  spritePivotOptionPrefab: {fileID: 7763644545316156120, guid: eb2fd18cee83e6a0195c2f45e8f16bff, type: 3}
  downloadTextOptionPrefab: {fileID: 4025722059246074213, guid: d675bb8357f22f98a846f9375605e93d, type: 3}
  setMeshVertexColorsOptionPrefab: {fileID: 8354092776988263864, guid: 2ae0f43b89a7f89d382d423e6fd7708f, type: 3}
  inputVector3OptionPrefab: {fileID: 8064614812487024197, guid: 271b6357e6385a749b6f08b2b78bafda, type: 3}
  vertexDataOptionPrefab: {fileID: 1265217266296331918, guid: 47ba9d1b4680e23488a61ec6aea7462b, type: 3}
  vertexDataColorOptionPrefab: {fileID: 844800508016481296, guid: b8b83461f7cddd9e2982ce8330e50402, type: 3}
  vertexDataPositionOptionPrefab: {fileID: 0}
  vertexDataNormalOptionPrefab: {fileID: 8057096357534178607, guid: b23113d09e15b37e28d93438d2496a2e, type: 3}
  vertexDataTangentOptionPrefab: {fileID: 7170021526131663553, guid: c0656d921436fb175a826aff76de99e1, type: 3}
  collisionLayerOptionPrefab: {fileID: 0}
  getAndSetChildrenMeshVertexDataInSphereOptionPrefab: {fileID: 0}
  modelFileOptionWithChildrenPrefab: {fileID: 6085466304270708309, guid: fd03edd350fbe3fa982c572fe31526bb, type: 3}
  modelFileInstanceOptionWithChildrenPrefab: {fileID: 4047218770235533985, guid: 655a38b6b780991c3853dcbd984cc384, type: 3}
  soundFileOptionWithChildrenPrefab: {fileID: 4324489708056209061, guid: ed9260cb23e41f5e987fd9c094e11751, type: 3}
  soundFileInstanceOptionWithChildrenPrefab: {fileID: 3421904974033118031, guid: 88b8d3404838369a0a0c535bae97d204, type: 3}
  imageFileOptionWithChildrenPrefab: {fileID: 6364084661644312583, guid: 431b5a2cb623f7e5198dd2d8cb64a016, type: 3}
  imageFileInstanceOptionWithChildrenPrefab: {fileID: 4943398378420501095, guid: 90bea92d6baa9e4219636fb4188e83e0, type: 3}
  vertexDataOptionWithChildrenPrefab: {fileID: 0}
  codeCommandOptionWithChildrenPrefab: {fileID: 5960875104168044803, guid: c2216bcdd4c3be50fa9f5f06f8a1e61a, type: 3}
  actOnMeshVerticesFromTrs: {fileID: 0}
  actOnMeshVerticesToTrs: {fileID: 0}
  audioSource: {fileID: 833713907}
  recordingLength: 999
  recordingFrequency: 44100
  leftHandStraightInstrument:
    index: 0
    length:
      min: 0
      max: 2
    radius: 0.01
    sampleCount: 0
    showMinAndMaxLength: 0
    showSamples: 0
  leftHandCurveInstrument:
    index: 1
    length:
      min: 0
      max: 1
    radius: 0.01
    sampleCount: 20
    showMinAndMaxLength: 0
    showSamples: 0
    turnRate: 0
    blockableAfterMinLength: 1
  leftHandTrailInstrument:
    index: 2
    length:
      min: 0.3
      max: 1
    radius: 0.01
    sampleCount: 20
    showMinAndMaxLength: 1
    showSamples: 0
    disappearDelay: 1
    resetDisappearDelayAtMinLength: 1
    resetDisappearDelayAtMaxLength: 1
  rightHandStraightInstrument:
    index: 0
    length:
      min: 0
      max: 2
    radius: 0.01
    sampleCount: 0
    showMinAndMaxLength: 0
    showSamples: 0
  rightHandCurveInstrument:
    index: 1
    length:
      min: 0
      max: 1
    radius: 0.01
    sampleCount: 20
    showMinAndMaxLength: 0
    showSamples: 0
    turnRate: 0
    blockableAfterMinLength: 1
  rightHandTrailInstrument:
    index: 2
    length:
      min: 0.3
      max: 1
    radius: 0.01
    sampleCount: 20
    showMinAndMaxLength: 1
    showSamples: 0
    disappearDelay: 1
    resetDisappearDelayAtMinLength: 1
    resetDisappearDelayAtMaxLength: 1
  sceneTrs: {fileID: 0}
  parentingArrowPrefab: {fileID: 436691803135942475, guid: aad5fa0799f3177489c1b2b8bc0fa286, type: 3}
  leftHand:
    currentInstrumentIndex: 0
    currentInstrument:
      index: 0
      length:
        min: 0.3
        max: 1
      radius: 0.01
      sampleCount: 10
      showMinAndMaxLength: 1
      showSamples: 0
    currentInstrumentInfo:
      trs: {fileID: 0}
      lineRenderer: {fileID: 0}
    isLeftHand: 1
    selectedOptions: []
    previousSelectedOptions: []
    trs: {fileID: 0}
    graphicsGo: {fileID: 0}
    triggerInput: 0
    previousTriggerInput: 0
    gripInput: 0
    previousGripInput: 0
    primaryButtonInput: 0
    previousPrimaryButtonInput: 0
    secondaryButtonInput: 0
    previousSecondaryButtonInput: 0
    thumbstickClickedInput: 0
    previousThumbstickClickedInput: 0
    thumbstickInput: {x: 0, y: 0}
    previousThumbstickInput: {x: 0, y: 0}
    previousPosition: {x: 0, y: 0, z: 0}
    modulator: {fileID: 0}
    parentingArrow: {fileID: 0}
  rightHand:
    currentInstrumentIndex: 0
    currentInstrument:
      index: 0
      length:
        min: 0.3
        max: 1
      radius: 0.01
      sampleCount: 10
      showMinAndMaxLength: 1
      showSamples: 0
    currentInstrumentInfo:
      trs: {fileID: 0}
      lineRenderer: {fileID: 0}
    isLeftHand: 0
    selectedOptions: []
    previousSelectedOptions: []
    trs: {fileID: 0}
    graphicsGo: {fileID: 0}
    triggerInput: 0
    previousTriggerInput: 0
    gripInput: 0
    previousGripInput: 0
    primaryButtonInput: 0
    previousPrimaryButtonInput: 0
    secondaryButtonInput: 0
    previousSecondaryButtonInput: 0
    thumbstickClickedInput: 0
    previousThumbstickClickedInput: 0
    thumbstickInput: {x: 0, y: 0}
    previousThumbstickInput: {x: 0, y: 0}
    previousPosition: {x: 0, y: 0, z: 0}
    modulator: {fileID: 0}
    parentingArrow: {fileID: 0}
  optionNamesDict:
    keys:
    - {fileID: 0}
    - {fileID: 0}
    - {fileID: 0}
    - {fileID: 0}
    - {fileID: 0}
    - {fileID: 0}
    - {fileID: 0}
    - {fileID: 0}
    - {fileID: 0}
    - {fileID: 0}
    - {fileID: 0}
    - {fileID: 0}
    - {fileID: 0}
    - {fileID: 0}
    - {fileID: 0}
    - {fileID: 0}
    - {fileID: 0}
    - {fileID: 0}
    - {fileID: 0}
    - {fileID: 0}
    - {fileID: 0}
    - {fileID: 0}
    - {fileID: 0}
    - {fileID: 0}
    - {fileID: 0}
    - {fileID: 0}
    - {fileID: 0}
    - {fileID: 0}
    - {fileID: 0}
    - {fileID: 0}
    - {fileID: 0}
    - {fileID: 0}
    - {fileID: 0}
    - {fileID: 0}
    - {fileID: 0}
    - {fileID: 0}
    - {fileID: 0}
    - {fileID: 0}
    - {fileID: 0}
    - {fileID: 0}
    - {fileID: 0}
    - {fileID: 0}
    - {fileID: 0}
    - {fileID: 0}
    - {fileID: 0}
    - {fileID: 0}
    - {fileID: 0}
    - {fileID: 0}
    - {fileID: 0}
    - {fileID: 0}
    - {fileID: 0}
    - {fileID: 0}
    - {fileID: 0}
    - {fileID: 0}
    - {fileID: 0}
    - {fileID: 0}
    - {fileID: 0}
    - {fileID: 0}
    - {fileID: 0}
    - {fileID: 0}
    - {fileID: 0}
    - {fileID: 0}
    - {fileID: 0}
    - {fileID: 0}
    - {fileID: 0}
    - {fileID: 0}
    - {fileID: 0}
    - {fileID: 0}
    - {fileID: 0}
    - {fileID: 0}
    - {fileID: 0}
    - {fileID: 0}
    - {fileID: 0}
    - {fileID: 0}
    - {fileID: 0}
    - {fileID: 0}
    - {fileID: 0}
    - {fileID: 0}
    - {fileID: 0}
    - {fileID: 0}
    - {fileID: 0}
    - {fileID: 0}
    - {fileID: 0}
    - {fileID: 0}
    - {fileID: 0}
    - {fileID: 0}
    - {fileID: 0}
    - {fileID: 0}
    - {fileID: 0}
    - {fileID: 0}
    - {fileID: 0}
    - {fileID: 0}
    - {fileID: 0}
    - {fileID: 0}
    - {fileID: 0}
    - {fileID: 0}
    - {fileID: 0}
    - {fileID: 0}
    - {fileID: 0}
    - {fileID: 0}
    - {fileID: 0}
    - {fileID: 0}
    - {fileID: 0}
    - {fileID: 0}
    - {fileID: 0}
    - {fileID: 0}
    - {fileID: 0}
    - {fileID: 0}
    - {fileID: 0}
    - {fileID: 0}
    - {fileID: 0}
    - {fileID: 0}
    - {fileID: 0}
    - {fileID: 0}
    - {fileID: 0}
    - {fileID: 0}
    - {fileID: 0}
    - {fileID: 0}
    - {fileID: 0}
    - {fileID: 0}
    - {fileID: 0}
    - {fileID: 0}
    - {fileID: 0}
    - {fileID: 0}
    - {fileID: 0}
    - {fileID: 0}
    - {fileID: 0}
    - {fileID: 0}
    - {fileID: 0}
    - {fileID: 0}
    - {fileID: 0}
    - {fileID: 0}
    - {fileID: 0}
    - {fileID: 0}
    - {fileID: 0}
    - {fileID: 0}
    - {fileID: 0}
    - {fileID: 0}
    - {fileID: 0}
    - {fileID: 0}
    - {fileID: 0}
    - {fileID: 0}
    - {fileID: 0}
    - {fileID: 0}
    - {fileID: 0}
    - {fileID: 0}
    - {fileID: 0}
    - {fileID: 0}
    - {fileID: 0}
    - {fileID: 0}
    - {fileID: 0}
    - {fileID: 0}
    - {fileID: 0}
    - {fileID: 0}
    - {fileID: 0}
    - {fileID: 0}
    - {fileID: 0}
    - {fileID: 0}
    - {fileID: 0}
    - {fileID: 0}
    - {fileID: 0}
    - {fileID: 0}
    - {fileID: 0}
    - {fileID: 0}
    - {fileID: 0}
    - {fileID: 0}
    - {fileID: 0}
    - {fileID: 0}
    - {fileID: 0}
    - {fileID: 0}
    - {fileID: 0}
    - {fileID: 0}
    - {fileID: 0}
    - {fileID: 0}
    - {fileID: 0}
    - {fileID: 0}
    - {fileID: 0}
    - {fileID: 0}
    - {fileID: 0}
    - {fileID: 0}
    - {fileID: 0}
    - {fileID: 0}
    - {fileID: 0}
    - {fileID: 0}
    - {fileID: 0}
    - {fileID: 0}
    - {fileID: 0}
    - {fileID: 0}
    - {fileID: 0}
    - {fileID: 0}
    - {fileID: 0}
    - {fileID: 0}
    - {fileID: 0}
    - {fileID: 0}
    - {fileID: 0}
    - {fileID: 0}
    - {fileID: 0}
    - {fileID: 0}
    - {fileID: 0}
    - {fileID: 0}
    - {fileID: 0}
    - {fileID: 0}
    - {fileID: 0}
    - {fileID: 0}
    - {fileID: 0}
    - {fileID: 0}
    - {fileID: 0}
    - {fileID: 0}
    - {fileID: 0}
    - {fileID: 0}
    - {fileID: 0}
    - {fileID: 0}
    - {fileID: 0}
    - {fileID: 0}
    - {fileID: 0}
    - {fileID: 0}
    - {fileID: 0}
    - {fileID: 0}
    - {fileID: 0}
    - {fileID: 0}
    - {fileID: 0}
    - {fileID: 0}
    - {fileID: 0}
    - {fileID: 0}
    - {fileID: 0}
    - {fileID: 0}
    - {fileID: 0}
    - {fileID: 0}
    - {fileID: 0}
    - {fileID: 0}
    - {fileID: 0}
    - {fileID: 0}
    - {fileID: 0}
    - {fileID: 0}
    - {fileID: 0}
    - {fileID: 0}
    - {fileID: 0}
    - {fileID: 0}
    - {fileID: 0}
    - {fileID: 0}
    - {fileID: 0}
    - {fileID: 0}
    - {fileID: 0}
    - {fileID: 0}
    - {fileID: 0}
    - {fileID: 0}
    - {fileID: 0}
    - {fileID: 0}
    - {fileID: 0}
    - {fileID: 0}
    - {fileID: 0}
    - {fileID: 0}
    - {fileID: 0}
    - {fileID: 0}
    - {fileID: 0}
    - {fileID: 0}
    - {fileID: 0}
    - {fileID: 0}
    - {fileID: 0}
    - {fileID: 0}
    - {fileID: 0}
    - {fileID: 0}
    - {fileID: 0}
    - {fileID: 0}
    - {fileID: 0}
    - {fileID: 0}
    - {fileID: 0}
    - {fileID: 0}
    - {fileID: 0}
    - {fileID: 0}
    - {fileID: 0}
    - {fileID: 0}
    - {fileID: 0}
    - {fileID: 0}
    - {fileID: 0}
    - {fileID: 0}
    - {fileID: 0}
    - {fileID: 0}
    - {fileID: 0}
    - {fileID: 0}
    - {fileID: 0}
    - {fileID: 0}
    - {fileID: 0}
    - {fileID: 0}
    - {fileID: 0}
    - {fileID: 0}
    - {fileID: 0}
    - {fileID: 0}
    - {fileID: 0}
    - {fileID: 0}
    - {fileID: 0}
    - {fileID: 0}
    - {fileID: 0}
    - {fileID: 0}
    - {fileID: 0}
    - {fileID: 0}
    - {fileID: 0}
    - {fileID: 0}
    - {fileID: 0}
    - {fileID: 0}
    - {fileID: 0}
    - {fileID: 0}
    - {fileID: 0}
    - {fileID: 0}
    - {fileID: 0}
    - {fileID: 0}
    - {fileID: 0}
    - {fileID: 0}
    - {fileID: 0}
    - {fileID: 0}
    - {fileID: 0}
    - {fileID: 0}
    - {fileID: 0}
    - {fileID: 0}
    - {fileID: 0}
    - {fileID: 0}
    - {fileID: 0}
    - {fileID: 0}
    - {fileID: 0}
    - {fileID: 0}
    - {fileID: 0}
    - {fileID: 0}
    - {fileID: 0}
    - {fileID: 0}
    - {fileID: 0}
    - {fileID: 0}
    - {fileID: 0}
    - {fileID: 0}
    - {fileID: 0}
    - {fileID: 0}
    - {fileID: 0}
    - {fileID: 0}
    - {fileID: 0}
    - {fileID: 0}
    - {fileID: 0}
    - {fileID: 0}
    - {fileID: 0}
    - {fileID: 0}
    - {fileID: 0}
    - {fileID: 0}
    - {fileID: 0}
    - {fileID: 0}
    - {fileID: 0}
    - {fileID: 0}
    - {fileID: 0}
    - {fileID: 0}
    - {fileID: 0}
    - {fileID: 0}
    - {fileID: 0}
    - {fileID: 0}
    - {fileID: 0}
    - {fileID: 0}
    - {fileID: 0}
    - {fileID: 0}
    - {fileID: 0}
    - {fileID: 0}
    - {fileID: 0}
    - {fileID: 0}
    - {fileID: 0}
    - {fileID: 0}
    - {fileID: 0}
    - {fileID: 0}
    - {fileID: 0}
    - {fileID: 0}
    - {fileID: 0}
    - {fileID: 0}
    - {fileID: 0}
    - {fileID: 0}
    - {fileID: 0}
    - {fileID: 0}
    - {fileID: 0}
    - {fileID: 0}
    - {fileID: 0}
    - {fileID: 0}
    - {fileID: 0}
    - {fileID: 0}
    - {fileID: 0}
    - {fileID: 0}
    - {fileID: 0}
    - {fileID: 0}
    - {fileID: 0}
    - {fileID: 0}
    - {fileID: 0}
    - {fileID: 0}
    - {fileID: 0}
    - {fileID: 0}
    - {fileID: 0}
    - {fileID: 0}
    - {fileID: 0}
    - {fileID: 0}
    - {fileID: 0}
    - {fileID: 0}
    - {fileID: 0}
    - {fileID: 0}
    - {fileID: 0}
    - {fileID: 0}
    - {fileID: 0}
    - {fileID: 0}
    - {fileID: 0}
    - {fileID: 0}
    - {fileID: 0}
    - {fileID: 0}
    - {fileID: 0}
    - {fileID: 0}
    - {fileID: 0}
    - {fileID: 0}
    - {fileID: 0}
    - {fileID: 0}
    - {fileID: 0}
    - {fileID: 0}
    - {fileID: 0}
    - {fileID: 0}
    - {fileID: 0}
    - {fileID: 0}
    - {fileID: 0}
    - {fileID: 0}
    - {fileID: 0}
    - {fileID: 0}
    - {fileID: 0}
    - {fileID: 0}
    - {fileID: 0}
    - {fileID: 0}
    - {fileID: 0}
    - {fileID: 0}
    - {fileID: 0}
    - {fileID: 0}
    - {fileID: 0}
    - {fileID: 0}
    - {fileID: 0}
    - {fileID: 0}
    - {fileID: 0}
    - {fileID: 0}
    - {fileID: 0}
    - {fileID: 0}
    - {fileID: 0}
    - {fileID: 0}
    - {fileID: 0}
    - {fileID: 0}
    - {fileID: 0}
    - {fileID: 0}
    - {fileID: 0}
    - {fileID: 0}
    - {fileID: 0}
    - {fileID: 0}
    - {fileID: 0}
    - {fileID: 0}
    - {fileID: 0}
    - {fileID: 0}
    - {fileID: 0}
    - {fileID: 0}
    - {fileID: 0}
    - {fileID: 0}
    - {fileID: 0}
    - {fileID: 0}
    - {fileID: 0}
    - {fileID: 0}
    - {fileID: 0}
    - {fileID: 0}
    - {fileID: 0}
    - {fileID: 0}
    - {fileID: 0}
    - {fileID: 0}
    - {fileID: 0}
    - {fileID: 0}
    - {fileID: 0}
    - {fileID: 0}
    - {fileID: 0}
    - {fileID: 0}
    - {fileID: 0}
    - {fileID: 0}
    - {fileID: 0}
    - {fileID: 0}
    - {fileID: 0}
    - {fileID: 0}
    - {fileID: 0}
    - {fileID: 0}
    - {fileID: 0}
    - {fileID: 0}
    - {fileID: 0}
    - {fileID: 0}
    - {fileID: 0}
    - {fileID: 0}
    - {fileID: 0}
    - {fileID: 0}
    - {fileID: 0}
    - {fileID: 0}
    - {fileID: 0}
    - {fileID: 0}
    - {fileID: 0}
    - {fileID: 0}
    - {fileID: 0}
    - {fileID: 0}
    - {fileID: 0}
    - {fileID: 0}
    - {fileID: 0}
    - {fileID: 0}
    - {fileID: 0}
    - {fileID: 0}
    - {fileID: 0}
    - {fileID: 0}
    - {fileID: 0}
    - {fileID: 0}
    - {fileID: 0}
    - {fileID: 0}
    - {fileID: 0}
    - {fileID: 0}
    - {fileID: 0}
    - {fileID: 0}
    - {fileID: 0}
    - {fileID: 0}
    - {fileID: 0}
    - {fileID: 0}
    - {fileID: 0}
    - {fileID: 0}
    - {fileID: 0}
    - {fileID: 0}
    - {fileID: 0}
    - {fileID: 0}
    - {fileID: 0}
    - {fileID: 0}
    - {fileID: 0}
    - {fileID: 0}
    - {fileID: 0}
    - {fileID: 0}
    - {fileID: 0}
    - {fileID: 0}
    - {fileID: 0}
    - {fileID: 0}
    - {fileID: 0}
    - {fileID: 0}
    - {fileID: 0}
    - {fileID: 0}
    - {fileID: 0}
    - {fileID: 0}
    - {fileID: 0}
    - {fileID: 0}
    - {fileID: 0}
    - {fileID: 0}
    - {fileID: 0}
    - {fileID: 0}
    - {fileID: 0}
    - {fileID: 0}
    - {fileID: 0}
    - {fileID: 0}
    - {fileID: 0}
    - {fileID: 0}
    - {fileID: 0}
    - {fileID: 0}
    - {fileID: 0}
    - {fileID: 0}
    - {fileID: 0}
    - {fileID: 0}
    - {fileID: 0}
    - {fileID: 0}
    - {fileID: 0}
    - {fileID: 0}
    - {fileID: 0}
    - {fileID: 0}
    - {fileID: 0}
    - {fileID: 0}
    - {fileID: 0}
    - {fileID: 0}
    - {fileID: 0}
    - {fileID: 0}
    - {fileID: 0}
    - {fileID: 0}
    - {fileID: 0}
    - {fileID: 0}
    - {fileID: 0}
    - {fileID: 0}
    - {fileID: 0}
    - {fileID: 0}
    - {fileID: 0}
    - {fileID: 0}
    - {fileID: 0}
    - {fileID: 0}
    - {fileID: 0}
    - {fileID: 0}
    - {fileID: 0}
    - {fileID: 0}
    - {fileID: 0}
    - {fileID: 0}
    - {fileID: 0}
    - {fileID: 0}
    - {fileID: 0}
    - {fileID: 0}
    - {fileID: 0}
    - {fileID: 0}
    - {fileID: 0}
    - {fileID: 0}
    - {fileID: 0}
    - {fileID: 0}
    - {fileID: 0}
    - {fileID: 0}
    - {fileID: 0}
    - {fileID: 0}
    - {fileID: 0}
    - {fileID: 0}
    - {fileID: 0}
    - {fileID: 0}
    - {fileID: 0}
    - {fileID: 0}
    - {fileID: 0}
    - {fileID: 0}
    - {fileID: 0}
    - {fileID: 0}
    - {fileID: 0}
    - {fileID: 0}
    - {fileID: 0}
    - {fileID: 0}
    - {fileID: 0}
    - {fileID: 0}
    - {fileID: 0}
    - {fileID: 0}
    - {fileID: 0}
    - {fileID: 0}
    - {fileID: 0}
    - {fileID: 0}
    - {fileID: 0}
    - {fileID: 0}
    - {fileID: 0}
    - {fileID: 0}
    - {fileID: 0}
    - {fileID: 0}
    - {fileID: 0}
    - {fileID: 0}
    - {fileID: 0}
    - {fileID: 0}
    - {fileID: 0}
    - {fileID: 0}
    - {fileID: 0}
    - {fileID: 0}
    - {fileID: 0}
    - {fileID: 0}
    - {fileID: 0}
    - {fileID: 0}
    - {fileID: 0}
    - {fileID: 0}
    - {fileID: 0}
    - {fileID: 0}
    - {fileID: 0}
    - {fileID: 0}
    - {fileID: 0}
    - {fileID: 0}
    - {fileID: 0}
    - {fileID: 0}
    values:
    - Rotation X
    - Prefer Use Most Recent Active Then Most Recent Created
    - Use Most Recent Created
    - Green
    - Run
    - From Position X
    - Use Most Recent Child
    - Unparent Old Children
    - From Rotation Y
    - Multiply
    - Prefer Use Least Recent Active Then Least Recent Created
    - Child To Evaluate
    - URL
    - ']'
    - Use Most Recent Child (1)
    - Prefer Use Most Recent Active Then Most Recent Created (1)
    - Activatable
    - Make Children Uncollidable
    - Value Set To Same
    - 9
    - Abs
    - X
    - Transform
    - Position Z
    - Rotation Z
    - From Rotation Y (1)
    - From Rotation Z
    - File Path
    - Pan
    - Import From Folder
    - New Frame
    - Image File Spawn Behaviour
    - From Size
    - '}'
    - Prefer Use Most Recent Active Then Most Recent Created (2)
    - Use Most Recent Created (1)
    - Less Than Or Equal To
    - Unparent Old Children (1)
    - From Position
    - Keep Child Parenting Arrows
    - Set Value
    - From Rotation
    - Use Most Recent Created (2)
    - File Name
    - Min Distance
    - Arbitrary Integer
    - Children To Duplicate
    - Activate After Event
    - Cos
    - <
    - Sound Position Y
    - Max Distance
    - Keep Child Parenting Arrows (1)
    - Delete File
    - Audio
    - Delete Instances
    - Position Y
    - Input Boolean
    - Confirm
    - Tan
    - From Rotation (1)
    - Run (1)
    - Thumbstick Touched
    - From Position Y
    - From Position Z
    - From Radius
    - Sound Position Z
    - Parents
    - To Rotation Z
    - 4
    - q
    - Green (1)
    - Max Length
    - Z
    - Unparent Least Recent Children
    - Floor
    - From Transform
    - A
    - To Transform
    - Prefer Use Most Recent Active Then Least Recent Created
    - Value Change
    - Children
    - /
    - Invalid Name Change Attempt
    - Delete Active Behaviour
    - 1-Input Operations
    - Max Users
    - Volume
    - Max Depenetration Speed
    - Spawn Behaviours
    - Unactivatable
    - Inner Spot Angle
    - Quit
    - Confirm (1)
    - From Transform (1)
    - i
    - '*'
    - Blue
    - Transform Spawn Behaviour
    - Acos
    - To Size
    - Show Children
    - Range
    - Position
    - Q
    - z
    - Confirm (2)
    - Grab World
    - File Name (1)
    - Download Text
    - Children To Set
    - ~
    - y
    - Keep All Parenting Arrows
    - From Rotation Z (1)
    - From Rotation Y (2)
    - n
    - u
    - Blue (1)
    - Rotation X (1)
    - '|'
    - Load
    - Light
    - Backspace
    - Get And Set Children Transforms
    - _
    - Delete Active Behaviour (1)
    - Sin
    - Arbitrary Values
    - )
    - Uncollidable
    - To Position Y
    - Operations
    - Activate If False
    - c
    - Use Most Recent Created (3)
    - Vertex
    - Blue (2)
    - Activate
    - Pivot
    - Typing
    - Unparent Old Children (2)
    - Record
    - From Position X (1)
    - Delete File Instances
    - Keep Parenting Arrows Behaviour
    - Remove Parenting Arrows From Parents To Children
    - w
    - Non-arbitrary Values
    - Prefer Use Least Recent Active Then Least Recent Created (1)
    - Child To Evaluate (1)
    - N
    - W
    - Position X
    - Save Project
    - Position (1)
    - Run (2)
    - Exponent
    - Ignore
    - Use Most Recent Created (4)
    - Contact Offset
    - From Position X (2)
    - Input Value
    - Set Text Color
    - Delete Active Behaviour (2)
    - Limit Users
    - Color Option
    - Children To Duplicate (1)
    - Make Active
    - From Size (1)
    - To Position Z
    - From Rotation X
    - Duplicate And Transform Mesh Faces In Sphere
    - Sound Position X
    - Position X (1)
    - ':'
    - Prefer Use Most Recent Active Then Most Recent Created (3)
    - Meshes Of Children Models
    - T
    - Left Hand
    - Run (3)
    - Import Image With File Name
    - To Rotation Z (1)
    - Divide
    - Sound Rotation X
    - Prefer Use Most Recent Active Then Least Recent Created (1)
    - Drop Node
    - Run (4)
    - Input Type
    - From Transform (2)
    - m
    - r
    - Arbitrary Boolean
    - From Position Y (1)
    - Change Typing Target
    - Run (5)
    - Red
    - From Rotation Z (2)
    - Prefer Use Least Recent Active Then Most Recent Created
    - Prefer Use Most Recent Active Then Least Recent Created (2)
    - t
    - Use Most Recent Created (5)
    - Rotation X (2)
    - Right Hand
    - Greater Than Or Equal To
    - g
    - Ceil
    - C
    - 3
    - File Name (2)
    - Delete Active Behaviour (3)
    - Vision
    - Duplicate Children
    - x
    - o
    - Directional
    - +
    - Unparent Most Recent Children
    - Rotation
    - Use Most Recent Created (6)
    - From Radius (1)
    - Remove Child
    - Hide Self And Children
    - '?'
    - '@'
    - J
    - Folder Path
    - Red (1)
    - Use Least Recent Created
    - H
    - Render Mode
    - Parents (1)
    - Hidden
    - Sound Rotation Z
    - Point
    - 1
    - To Transform (1)
    - Sound Transform
    - ','
    - Meshes Of Children Models (1)
    - Use Least Recent Child
    - Alpha
    - Pixel
    - Red (2)
    - 0
    - Make Instance
    - 8
    - To Rotation Y
    - Future Parenting Arrows Color
    - Internet
    - From Rotation (2)
    - From Transform (3)
    - Confirm (3)
    - f
    - '!'
    - I
    - Too Many Children Behaviour
    - Add
    - \
    - Run Repeatedly
    - Rotation Z (1)
    - Set Mesh Vertex Colors In Sphere
    - (
    - Confirm (4)
    - Rotation Y
    - Auto
    - Confirm (5)
    - Subtract
    - Grip Pressed
    - Too Many Children Behaviour (1)
    - Name Change
    - Operation
    - Use Most Recent Child (2)
    - Pitch
    - Physics
    - Keep Parent Parenting Arrows
    - Evaluate
    - F
    - Delete Active Behaviour (4)
    - Delete File (1)
    - Confirm (6)
    - Instrument
    - Disallow
    - Max Length (1)
    - Outer Spot Angle
    - Visible
    - Size
    - $
    - Rotation (1)
    - Visiblity
    - From Position (1)
    - From Position (2)
    - Parenting Arrows
    - b
    - Min Bounce Speed
    - K
    - Prefer Use Most Recent Active Then Least Recent Created (3)
    - Invalid Child Behaviur
    - Meshes Of Children Models (2)
    - Keep Parent Parenting Arrows (1)
    - Delete Mesh Vertices In Sphere
    - From Position Y (2)
    - Prefer Use Most Recent Active Then Least Recent Created (4)
    - Prefer Use Least Recent Active Then Least Recent Created (2)
    - Keep Parenting Arrows Behaviour (1)
    - Delete File (2)
    - Start Emitting
    - Visuals
    - Alpha (1)
    - To Rotation
    - Grip Touched
    - D
    - Rename File
    - Stop Emitting
    - Right Primary Button Pressed
    - j
    - From Radius (2)
    - Spawn Node
    - From Position (3)
    - Make Parenting Arrows From Parents To Children
    - Red (3)
    - Sound Rotation
    - Prefer Use Most Recent Active Then Most Recent Created (4)
    - Show Self And Children
    - From Rotation X (1)
    - '"'
    - Make Active (1)
    - Left Hand (1)
    - Make Active (2)
    - Confirm (7)
    - Round
    - Radius
    - From Radius (3)
    - Make Children Collidable
    - Use Least Recent Created (1)
    - From Position Y (3)
    - G
    - Size Y
    - Trigger Pressed
    - '{'
    - Prefer Use Least Recent Active Then Most Recent Created (1)
    - Alpha (2)
    - Spot
    - =
    - Color
    - Load Project
    - Prefer Use Least Recent Active Then Most Recent Created (2)
    - Parents (2)
    - To Position X
    - Image File Instance Spawn Behaviour
    - Rename File (1)
    - Green (2)
    - Type
    - Asin
    - Arbitrary Number
    - Delete File Instances (1)
    - Rename File (2)
    - E
    - p
    - Keep All Parenting Arrows (1)
    - R
    - Delete Active Behaviour (5)
    - Make Instance (1)
    - 6
    - Toggle Parenting Arrows From Parents To Children
    - Run (6)
    - Material Folder Path
    - From Position Z (1)
    - To Position Y (1)
    - Use Least Recent Created (2)
    - Position Z (1)
    - To Position
    - Less Than
    - Disallow (1)
    - Duplicate
    - 7
    - s
    - From Rotation X (2)
    - From Position Z (2)
    - Prefer Use Least Recent Active Then Most Recent Created (3)
    - Arbitrary Text
    - B
    - Unparent
    - Operation (1)
    - Shader Name
    - To Radius
    - '%'
    - Rotation Z (2)
    - Confirm (8)
    - Meshes Of Children Models (3)
    - Sound Position
    - U
    - Delete Children
    - Hide Children
    - Prefer Use Most Recent Active Then Most Recent Created (5)
    - Rotation Y (1)
    - L
    - Children To Rename
    - Children To Set (1)
    - Save
    - Visible (1)
    - Right Hand (1)
    - Green (3)
    - Y
    - To Position Z (1)
    - From Rotation Z (3)
    - Sound Rotation Y
    - Confirm (9)
    - Position X (2)
    - Conditional
    - From Rotation Y (3)
    - Type Character
    - l
    - Prefer Use Least Recent Active Then Least Recent Created (3)
    - Trigger Type
    - Comparison Type
    - Confirm (10)
    - From Rotation X (3)
    - Loop
    - Prefer Use Least Recent Active Then Most Recent Created (4)
    - Transform (1)
    - Prefer Use Most Recent Active Then Most Recent Created (6)
    - Use Least Recent Created (3)
    - Too Many Children Behaviour (2)
    - To Radius (1)
    - Disallow (2)
    - Thumbstick Pressed
    - Prefer Use Least Recent Active Then Least Recent Created (4)
    - Equal To
    - Rename
    - ^
    - Head
    - Collidable
    - Use Least Recent Created (4)
    - Use Least Recent Created (5)
    - Children (1)
    - From Size (2)
    - Secondary Button Pressed
    - Disallow (3)
    - Rename To
    - From Size (3)
    - '#'
    - Prefer Use Most Recent Active Then Least Recent Created (5)
    - To Rotation (1)
    - Delete Active Behaviour (6)
    - To Position X (1)
    - M
    - Mesh Operations
    - From Position X (3)
    - Prefer Use Least Recent Active Then Least Recent Created (5)
    - Use Least Recent Child (1)
    - Size X
    - Intensity
    - Use Most Recent Child (3)
    - Children (2)
    - Audio File Spawn Behaviour
    - Grab Node
    - Activate If True
    - Radius (1)
    - Triggering Children
    - From Size (4)
    - k
    - Too Many Children Behaviour (3)
    - Position Z (2)
    - 2
    - Values
    - Import Model With File Name
    - Rotation Y (2)
    - Position (2)
    - Left Hand (2)
    - Blue (3)
    - Toggle Children Collidable
    - Disallow (4)
    - Use Least Recent Created (6)
    - File Name (3)
    - Duplicate Children (1)
    - New Project
    - From Position Y (4)
    - From Position (4)
    - Project
    - Add Child
    - Make Active (3)
    - Set Skybox
    - Transform Mesh Vertices In Sphere
    - Prefer Use Least Recent Active Then Least Recent Created (6)
    - h
    - From Radius (4)
    - Use Least Recent Child (2)
    - To Position (1)
    - Run (7)
    - Confirm (11)
    - Greater Than
    - 2-Inputs Operations
    - e
    - Prefer Use Least Recent Active Then Most Recent Created (5)
    - ' '
    - Code Command
    - To Rotation Y (1)
    - Audio File Instance Spawn Behaviour
    - From Position Z (3)
    - Delete Mesh Faces In Sphere
    - '['
    - From Rotation (3)
    - Make Active (4)
    - Type Backspace
    - From Transform (4)
    - Activate Before Event
    - Input Transform Option
    - Trigger Touched
    - Primary Button Pressed
    - Rotation (2)
    - .
    - Not Equal To
    - Position Y (1)
    - O
    - Secondary Button Touched
    - Activate If Invalid Answer
    - Position Y (2)
    - 5
    - Quit (1)
    - To Size (1)
    - Activation Behaviour
    - Startup
    - Menu Button Pressed
    - Pivot Y
    - Type (1)
    - Prefer Use Least Recent Active Then Most Recent Created (6)
    - To Rotation X
    - Import Audio With File Name
    - '-'
    - P
    - Make Active (5)
    - Activate If Invalid Answer (1)
    - ''''
    - '>'
    - Model File Spawn Behaviour
    - Use Least Recent Child (3)
    - Delete
    - From Rotation Y (4)
    - Import
    - Contents
    - Children To Activate
    - d
    - Meshes Of Children Models (4)
    - From Position X (4)
    - S
    - V
    - '`'
    - Model File Instance Spawn Behaviour
    - Pivot X
    - ;
    - From Position Z (4)
    - Prefer Use Most Recent Active Then Least Recent Created (6)
    - Confirm (12)
    - Primary Button Touched
    - From Rotation Z (4)
    - Set Children Text Size
    - From Rotation (4)
    - To Rotation X (1)
    - '&'
    - Drop World
    - Make Active (6)
    - v
    - a
    - From Rotation X (4)
    - Visible (2)
    - Run (8)
    - Node Collision
    - Atan
    - Make Instance (2)
    - Spawn Orientation
    - Delta Time
    - Child To Set To
    - Second Value
    - Random Value
    - Delete Self And Children
    - Set Material
    - Model Position X
    - Rotation X (3)
    - Constraints
    - Model Rotation Z
    - Size X (1)
    - Velocity Z
    - First Value
    - Model Rotation Y
    - Model Size Y
    - Confirm (13)
    - Visible (3)
    - Model Size
    - Rotation Y (3)
    - Angular Drag
    - Material Folder Name
    - Position Z (3)
    - Average
    - Drag
    - Rotation (3)
    - Angular Velocity
    - Model Size Z
    - Position (3)
    - Freeze Rotation Y
    - Position X (3)
    - Started Collisions
    - Angular Velocity Z
    - Mass
    - Model Position
    - Model Size X
    - Bounciness Combine Mode
    - Freeze Rotation Z
    - Velocity
    - Velocity Y
    - Size (1)
    - Position Y (3)
    - Model Transform
    - Freeze Position Y
    - Model Rotation X
    - Update Collision Shape
    - Rotation Z (3)
    - Model Rotation
    - Static Friction
    - Size Z
    - Angular Velocity X
    - Friction Combine Mode
    - Bounciness
    - Record Continued Collisions
    - Record End Of Collisions
    - Average (1)
    - Continued Collisions
    - Model Position Z
    - Ended Collisions
    - Multiply (1)
    - Velocity X
    - Model Position Y
    - Minimum
    - Angular Velocity Y
    - Dynamic Friction
    - Freeze Position Z
    - Maximum
    - Freeze Position X
    - Maximum (1)
    - Freeze Rotation X
    - Set Children Meshes
    - Size Y (1)
    - Shader Name (1)
    - Minimum (1)
    - Multiply (2)
    - Record Start Of Collisions
  leftHandInstrumentInfos:
  - trs: {fileID: 0}
    lineRenderer: {fileID: 0}
  - trs: {fileID: 0}
    lineRenderer: {fileID: 0}
  - trs: {fileID: 0}
    lineRenderer: {fileID: 0}
  rightHandInstrumentInfos:
  - trs: {fileID: 0}
    lineRenderer: {fileID: 0}
  - trs: {fileID: 0}
    lineRenderer: {fileID: 0}
  - trs: {fileID: 0}
    lineRenderer: {fileID: 0}
  modulationDistanceRange:
    min: 0.05
    max: 0.2
  modulationSliderLength: 0.2
  modulationPositionAngleRange:
    min: 15
    max: 90
  modulationRotationAngleRange:
    min: 15
    max: 90
  minModulationPositionAngleIndicatorConeBasePointCount: 25
  maxModulationPositionAngleIndicatorConeBasePointCount: 25
  minModulationPositionAngleIndicatorMaterial: {fileID: 2100000, guid: 4cc08475672df7641824b2d25f3267cb, type: 2}
  maxModulationPositionAngleIndicatorMaterial: {fileID: 2100000, guid: 4cc08475672df7641824b2d25f3267cb, type: 2}
  minModulationRotationAngleIndicatorConeBasePointCount: 25
  maxModulationRotationAngleIndicatorConeBasePointCount: 25
  minModulationRotationAngleIndicatorMaterial: {fileID: 2100000, guid: 4cc08475672df7641824b2d25f3267cb, type: 2}
  maxModulationRotationAngleIndicatorMaterial: {fileID: 2100000, guid: 4cc08475672df7641824b2d25f3267cb, type: 2}
  modulationControlMethod: 0
  modulationBehaviourWhenUncontrolled: 0
  modulationKeyframeDataTemplateWhenControlled:
    time: 0
    value: 0
    weightedMode: 0
    inTangent: 0
    inWeight: 0
    outTangent: 0
    outWeight: 0
  potentialModulationKeyframeDataTemplateWhenUncontrolled:
    time: 0
    value: 0
    weightedMode: 0
    inTangent: 0
    inWeight: 0
    outTangent: 0
    outWeight: 0
  useSeparateTweakingDisplayersForModulationCurvesBoolOption: {fileID: 0}
  activationBehaviourOptionsDict:
    keys: 0100000002000000040000000800000010000000200000004000000080000000000100000002000000040000000800000010000000200000004000000080000000000100000002000000040000000800000010000000200000004000000080000000000100000002000000040000000800000010
    values:
    - keys: 0001
      values:
      - activationBehaviourOptions: []
      - activationBehaviourOptions: []
    - keys: 0001
      values:
      - activationBehaviourOptions: []
      - activationBehaviourOptions: []
    - keys: 0001
      values:
      - activationBehaviourOptions: []
      - activationBehaviourOptions: []
    - keys: 0001
      values:
      - activationBehaviourOptions: []
      - activationBehaviourOptions: []
    - keys: 0001
      values:
      - activationBehaviourOptions: []
      - activationBehaviourOptions: []
    - keys: 0001
      values:
      - activationBehaviourOptions: []
      - activationBehaviourOptions: []
    - keys: 0001
      values:
      - activationBehaviourOptions: []
      - activationBehaviourOptions: []
    - keys: 0001
      values:
      - activationBehaviourOptions: []
      - activationBehaviourOptions: []
    - keys: 0001
      values:
      - activationBehaviourOptions: []
      - activationBehaviourOptions: []
    - keys: 0001
      values:
      - activationBehaviourOptions: []
      - activationBehaviourOptions: []
    - keys: 0001
      values:
      - activationBehaviourOptions: []
      - activationBehaviourOptions: []
    - keys: 0001
      values:
      - activationBehaviourOptions: []
      - activationBehaviourOptions: []
    - keys: 0001
      values:
      - activationBehaviourOptions: []
      - activationBehaviourOptions: []
    - keys: 0001
      values:
      - activationBehaviourOptions: []
      - activationBehaviourOptions: []
    - keys: 0001
      values:
      - activationBehaviourOptions: []
      - activationBehaviourOptions: []
    - keys: 0001
      values:
      - activationBehaviourOptions: []
      - activationBehaviourOptions: []
    - keys: 0001
      values:
      - activationBehaviourOptions: []
      - activationBehaviourOptions: []
    - keys: 0001
      values:
      - activationBehaviourOptions: []
      - activationBehaviourOptions: []
    - keys: 0001
      values:
      - activationBehaviourOptions: []
      - activationBehaviourOptions: []
    - keys: 0001
      values:
      - activationBehaviourOptions: []
      - activationBehaviourOptions: []
    - keys: 0001
      values:
      - activationBehaviourOptions: []
      - activationBehaviourOptions: []
    - keys: 0001
      values:
      - activationBehaviourOptions: []
      - activationBehaviourOptions: []
    - keys: 0001
      values:
      - activationBehaviourOptions: []
      - activationBehaviourOptions: []
    - keys: 0001
      values:
      - activationBehaviourOptions: []
      - activationBehaviourOptions: []
    - keys: 0001
      values:
      - activationBehaviourOptions: []
      - activationBehaviourOptions: []
    - keys: 0001
      values:
      - activationBehaviourOptions: []
      - activationBehaviourOptions: []
    - keys: 0001
      values:
      - activationBehaviourOptions: []
      - activationBehaviourOptions: []
    - keys: 0001
      values:
      - activationBehaviourOptions: []
      - activationBehaviourOptions: []
    - keys: 0001
      values:
      - activationBehaviourOptions: []
      - activationBehaviourOptions: []
  fileNameOptions:
  - {fileID: 0}
  - {fileID: 0}
  - {fileID: 0}
  - {fileID: 0}
  - {fileID: 0}
  - {fileID: 0}
  defaultSaveFile: {fileID: 4900000, guid: 6239f7b44dfccca47b0991140e59c036, type: 3}
  typingOptionsDict:
    keys: 020000000300000004000000
    values:
    - options:
      - {fileID: 0}
      - {fileID: 0}
      - {fileID: 0}
      - {fileID: 0}
      - {fileID: 0}
      - {fileID: 0}
      - {fileID: 0}
      - {fileID: 0}
      - {fileID: 0}
      - {fileID: 0}
      - {fileID: 0}
      - {fileID: 0}
    - options:
      - {fileID: 0}
      - {fileID: 0}
      - {fileID: 0}
      - {fileID: 0}
      - {fileID: 0}
      - {fileID: 0}
      - {fileID: 0}
      - {fileID: 0}
      - {fileID: 0}
      - {fileID: 0}
      - {fileID: 0}
      - {fileID: 0}
      - {fileID: 0}
    - options:
      - {fileID: 0}
      - {fileID: 0}
      - {fileID: 0}
      - {fileID: 0}
      - {fileID: 0}
      - {fileID: 0}
      - {fileID: 0}
      - {fileID: 0}
      - {fileID: 0}
      - {fileID: 0}
      - {fileID: 0}
      - {fileID: 0}
      - {fileID: 0}
      - {fileID: 0}
      - {fileID: 0}
      - {fileID: 0}
      - {fileID: 0}
      - {fileID: 0}
      - {fileID: 0}
      - {fileID: 0}
      - {fileID: 0}
      - {fileID: 0}
      - {fileID: 0}
      - {fileID: 0}
      - {fileID: 0}
      - {fileID: 0}
      - {fileID: 0}
      - {fileID: 0}
      - {fileID: 0}
      - {fileID: 0}
      - {fileID: 0}
      - {fileID: 0}
      - {fileID: 0}
      - {fileID: 0}
      - {fileID: 0}
      - {fileID: 0}
      - {fileID: 0}
      - {fileID: 0}
      - {fileID: 0}
      - {fileID: 0}
      - {fileID: 0}
      - {fileID: 0}
      - {fileID: 0}
      - {fileID: 0}
      - {fileID: 0}
      - {fileID: 0}
      - {fileID: 0}
      - {fileID: 0}
      - {fileID: 0}
      - {fileID: 0}
      - {fileID: 0}
      - {fileID: 0}
      - {fileID: 0}
      - {fileID: 0}
      - {fileID: 0}
      - {fileID: 0}
      - {fileID: 0}
      - {fileID: 0}
      - {fileID: 0}
      - {fileID: 0}
      - {fileID: 0}
      - {fileID: 0}
      - {fileID: 0}
      - {fileID: 0}
      - {fileID: 0}
      - {fileID: 0}
      - {fileID: 0}
      - {fileID: 0}
      - {fileID: 0}
      - {fileID: 0}
      - {fileID: 0}
      - {fileID: 0}
      - {fileID: 0}
      - {fileID: 0}
      - {fileID: 0}
      - {fileID: 0}
      - {fileID: 0}
      - {fileID: 0}
      - {fileID: 0}
      - {fileID: 0}
      - {fileID: 0}
      - {fileID: 0}
      - {fileID: 0}
      - {fileID: 0}
      - {fileID: 0}
      - {fileID: 0}
      - {fileID: 0}
      - {fileID: 0}
      - {fileID: 0}
      - {fileID: 0}
      - {fileID: 0}
      - {fileID: 0}
      - {fileID: 0}
      - {fileID: 0}
      - {fileID: 0}
      - {fileID: 0}
  codeCommandIndicatorsDict:
    keys:
    - name: MakeNewNode
      contents: "Option option = EternityEngine.instance.SpawnOption<Option>(EternityEngine.instance.optionPrefab);\r\nstring
        key = \"nodes\";\r\nif (!EternityEngine.codeCommandObjectsDict.ContainsKey(key))\r\n\tEternityEngine.codeCommandObjectsDict.Add(key,
        new List<object>(new object[] { option }));\r\nelse\r\n\tEternityEngine.codeCommandObjectsDict[key].Add(option);"
      extraMembers: 
      usingStatements: using System.Collections.Generic;
    - name: Copy
      contents: "List<object> objects = EternityEngine.codeCommandObjectsDict[\"nodes\"];\r\nfor
        (int i = 0; i < objects.Count; i ++)\r\n{\r\n\tOption optionToDuplicate =
        (Option) objects[i];\r\n\tOption[] childOptions = Option.GetAllChildrenAndSelf(optionToDuplicate);\r\n\tfor
        (int i2 = 1; i2 < childOptions.Length; i2 ++)\r\n\t{\r\n\t\tOption childOption
        = childOptions[i2];\r\n\t\tchildOption.trs.SetParent(EternityEngine.instance.sceneTrs);\r\n\t}\r\n\tActivationBehaviourOption.ActivateChildrenIfShould
        (Option.TriggerType.Duplicate, false, optionToDuplicate);\r\n\tOption duplicate
        = Instantiate(optionToDuplicate, EternityEngine.instance.currentSpawnOrientationOption.trs.position,
        EternityEngine.instance.currentSpawnOrientationOption.trs.rotation, EternityEngine.instance.sceneTrs);\r\n\tduplicate.trs.SetWorldScale
        (EternityEngine.instance.currentSpawnOrientationOption.trs.lossyScale);\r\n\tOption[]
        duplicateChildOptions = Option.GetAllChildrenAndSelf(duplicate);\r\n\tfor
        (int i2 = 0; i2 < duplicateChildOptions.Length; i2 ++)\r\n\t{\r\n\t\tOption
        duplicateChildOption = duplicateChildOptions[i2];\r\n\t\tduplicateChildOption.name
        = \"\\n\";\r\n\t\tduplicateChildOption.HandleNaming ();\r\n\t\tduplicateChildOption.Init
        ();\r\n\t}\r\n\tActivationBehaviourOption.ActivateChildrenIfShould (Option.TriggerType.Duplicate,
        true, optionToDuplicate);\r\n}"
      extraMembers: 
      usingStatements: 'using Extensions;

        using System.Collections.Generic;'
    - name: ViewedNode
      contents: "Option viewedOption = null;\r\nfloat closestOptionDistanceFromCameraViewCenterSqr
        = Mathf.Infinity;\r\nfor (int i = 0; i < EternityEngine.instance.optionNamesDict.Count;
        i ++)\r\n{\r\n\tOption option = EternityEngine.instance.optionNamesDict.keys[i];\r\n\tVector3
        viewportPoint = Camera.main.WorldToViewportPoint(option.trs.position);\r\n\tfloat
        optionDistanceFromCameraViewCenterSqr = ((Vector2) viewportPoint - Vector2.one
        / 2).sqrMagnitude;\r\n\tif (viewportPoint.z >= 0 && viewportPoint.x >= 0
        && viewportPoint.x <= 1 && viewportPoint.y >= 0 && viewportPoint.y <= 1 &&
        optionDistanceFromCameraViewCenterSqr < closestOptionDistanceFromCameraViewCenterSqr)\r\n\t{\r\n\t\tclosestOptionDistanceFromCameraViewCenterSqr
        = optionDistanceFromCameraViewCenterSqr;\r\n\t\tviewedOption = option;\r\n\t}\r\n}\r\nstring
        key = \"nodes\";\r\nif (!EternityEngine.codeCommandObjectsDict.ContainsKey(key))\r\n\tEternityEngine.codeCommandObjectsDict.Add(key,
        new List<object>(new object[] { viewedOption }));\r\nelse\r\n\tEternityEngine.codeCommandObjectsDict[key].Add(viewedOption);"
      extraMembers: 
      usingStatements: using System.Collections.Generic;
    - name: Constantly
      contents: "List<object> objects;\r\nList<string> commands = new List<string>();\r\nif
        (EternityEngine.codeCommandObjectsDict.TryGetValue(\"commands\", out objects))\r\n{\r\n\tif
        (objects.Count > CommandsTest.MAX_COMMANDS)\r\n\t{\r\n\t\tprint(\"There were
        over \" + CommandsTest.MAX_COMMANDS + \" past commands run\");\r\n\t\treturn;\r\n\t}\r\n\tfor
        (int i = 0; i < objects.Count; i ++)\r\n\t{\r\n\t\tstring command = (string)
        objects[i];\r\n\t\tif (command != EternityEngine.instance.codeCommandNamesDict[\"Constantly\"].contents)\r\n\t\t\tcommands.Add(command);\r\n\t}\r\n}\r\nCodeCommandOption
        codeCommandOption = EternityEngine.instance.SpawnOption<CodeCommandOption>(EternityEngine.instance.codeCommandOptionWithChildrenPrefab);\r\ncodeCommandOption.children[2].SetValue
        (string.Join('\\n', commands.ToArray()));\r\ncodeCommandOption.children[1].Activate
        (null);"
      extraMembers: 
      usingStatements: using System.Collections.Generic;
    values:
    - regexes:
      - pattern: (new|fresh)\snode
        options: 1
        characterRange:
          min: 8
          max: 10
        startFromCharacterRangeMin: 1
      - pattern: (make|spawn|create)\sa\snode
        options: 1
        characterRange:
          min: 11
          max: 13
        startFromCharacterRangeMin: 1
    - regexes:
      - pattern: (duplicate|copy)\s(?#nodesToCopy:.{8,})
        options: 1
        characterRange:
          min: 7
          max: 255
        startFromCharacterRangeMin: 1
    - regexes:
      - pattern: the\snode(\sthat)?\sI(\sam|'m)?\s(currently\s|right\snow\s|at\sthe\smoment\s)?(viewing|seeing|looking\sat)
        options: 1
        characterRange:
          min: 25
          max: 43
        startFromCharacterRangeMin: 1
      - pattern: the\snode\s(currently\s|right\snow\s|at\sthe\smoment\s)?(that\sis\s|that's\s)?in\smy\s(view|vision|sight)
        options: 1
        characterRange:
          min: 24
          max: 42
        startFromCharacterRangeMin: 1
      - pattern: the\snode\sI\sam\sviewing
        options: 1
        characterRange:
          min: 21
          max: 21
        startFromCharacterRangeMin: 1
    - regexes:
      - pattern: ((continuously|every\sframe|constantly)\s?(?#continousCommands:.{8,}))
        options: 1
        characterRange:
          min: 18
          max: 255
        startFromCharacterRangeMin: 1
  codeCommandNamesDict:
    keys:
    - MakeNewNode
    - Copy
    - ViewedNode
    - Constantly
    values:
    - name: MakeNewNode
      contents: "Option option = EternityEngine.instance.SpawnOption<Option>(EternityEngine.instance.optionPrefab);\r\nstring
        key = \"nodes\";\r\nif (!EternityEngine.codeCommandObjectsDict.ContainsKey(key))\r\n\tEternityEngine.codeCommandObjectsDict.Add(key,
        new List<object>(new object[] { option }));\r\nelse\r\n\tEternityEngine.codeCommandObjectsDict[key].Add(option);"
      extraMembers: 
      usingStatements: using System.Collections.Generic;
    - name: Copy
      contents: "List<object> objects = EternityEngine.codeCommandObjectsDict[\"nodes\"];\r\nfor
        (int i = 0; i < objects.Count; i ++)\r\n{\r\n\tOption optionToDuplicate =
        (Option) objects[i];\r\n\tOption[] childOptions = Option.GetAllChildrenAndSelf(optionToDuplicate);\r\n\tfor
        (int i2 = 1; i2 < childOptions.Length; i2 ++)\r\n\t{\r\n\t\tOption childOption
        = childOptions[i2];\r\n\t\tchildOption.trs.SetParent(EternityEngine.instance.sceneTrs);\r\n\t}\r\n\tActivationBehaviourOption.ActivateChildrenIfShould
        (Option.TriggerType.Duplicate, false, optionToDuplicate);\r\n\tOption duplicate
        = Instantiate(optionToDuplicate, EternityEngine.instance.currentSpawnOrientationOption.trs.position,
        EternityEngine.instance.currentSpawnOrientationOption.trs.rotation, EternityEngine.instance.sceneTrs);\r\n\tduplicate.trs.SetWorldScale
        (EternityEngine.instance.currentSpawnOrientationOption.trs.lossyScale);\r\n\tOption[]
        duplicateChildOptions = Option.GetAllChildrenAndSelf(duplicate);\r\n\tfor
        (int i2 = 0; i2 < duplicateChildOptions.Length; i2 ++)\r\n\t{\r\n\t\tOption
        duplicateChildOption = duplicateChildOptions[i2];\r\n\t\tduplicateChildOption.name
        = \"\\n\";\r\n\t\tduplicateChildOption.HandleNaming ();\r\n\t\tduplicateChildOption.Init
        ();\r\n\t}\r\n\tActivationBehaviourOption.ActivateChildrenIfShould (Option.TriggerType.Duplicate,
        true, optionToDuplicate);\r\n}"
      extraMembers: 
      usingStatements: 'using Extensions;

        using System.Collections.Generic;'
    - name: ViewedNode
      contents: "Option viewedOption = null;\r\nfloat closestOptionDistanceFromCameraViewCenterSqr
        = Mathf.Infinity;\r\nfor (int i = 0; i < EternityEngine.instance.optionNamesDict.Count;
        i ++)\r\n{\r\n\tOption option = EternityEngine.instance.optionNamesDict.keys[i];\r\n\tVector3
        viewportPoint = Camera.main.WorldToViewportPoint(option.trs.position);\r\n\tfloat
        optionDistanceFromCameraViewCenterSqr = ((Vector2) viewportPoint - Vector2.one
        / 2).sqrMagnitude;\r\n\tif (viewportPoint.z >= 0 && viewportPoint.x >= 0
        && viewportPoint.x <= 1 && viewportPoint.y >= 0 && viewportPoint.y <= 1 &&
        optionDistanceFromCameraViewCenterSqr < closestOptionDistanceFromCameraViewCenterSqr)\r\n\t{\r\n\t\tclosestOptionDistanceFromCameraViewCenterSqr
        = optionDistanceFromCameraViewCenterSqr;\r\n\t\tviewedOption = option;\r\n\t}\r\n}\r\nstring
        key = \"nodes\";\r\nif (!EternityEngine.codeCommandObjectsDict.ContainsKey(key))\r\n\tEternityEngine.codeCommandObjectsDict.Add(key,
        new List<object>(new object[] { viewedOption }));\r\nelse\r\n\tEternityEngine.codeCommandObjectsDict[key].Add(viewedOption);"
      extraMembers: 
      usingStatements: using System.Collections.Generic;
    - name: Constantly
      contents: "List<object> objects;\r\nList<string> commands = new List<string>();\r\nif
        (EternityEngine.codeCommandObjectsDict.TryGetValue(\"commands\", out objects))\r\n{\r\n\tif
        (objects.Count > CommandsTest.MAX_COMMANDS)\r\n\t{\r\n\t\tprint(\"There were
        over \" + CommandsTest.MAX_COMMANDS + \" past commands run\");\r\n\t\treturn;\r\n\t}\r\n\tfor
        (int i = 0; i < objects.Count; i ++)\r\n\t{\r\n\t\tstring command = (string)
        objects[i];\r\n\t\tif (command != EternityEngine.instance.codeCommandNamesDict[\"Constantly\"].contents)\r\n\t\t\tcommands.Add(command);\r\n\t}\r\n}\r\nCodeCommandOption
        codeCommandOption = EternityEngine.instance.SpawnOption<CodeCommandOption>(EternityEngine.instance.codeCommandOptionWithChildrenPrefab);\r\ncodeCommandOption.children[2].SetValue
        (string.Join('\\n', commands.ToArray()));\r\ncodeCommandOption.children[1].Activate
        (null);"
      extraMembers: 
      usingStatements: using System.Collections.Generic;
  hasHiddenChildIndicatorRectTrsPrefab: {fileID: 237015984969670709, guid: 7ab30898626afa545adcc2a83db775a8, type: 3}
  hasHiddenParentIndicatorRectTrsPrefab: {fileID: 8565123375384490620, guid: 375c21fe54079b94da6ac773deb7699a, type: 3}
--- !u!82 &833713907
AudioSource:
  m_ObjectHideFlags: 0
  m_CorrespondingSourceObject: {fileID: 0}
  m_PrefabInstance: {fileID: 0}
  m_PrefabAsset: {fileID: 0}
  m_GameObject: {fileID: 7978240454226954766}
  m_Enabled: 1
  serializedVersion: 4
  OutputAudioMixerGroup: {fileID: 0}
  m_audioClip: {fileID: 0}
  m_Resource: {fileID: 0}
  m_PlayOnAwake: 0
  m_Volume: 1
  m_Pitch: 1
  Loop: 0
  Mute: 0
  Spatialize: 0
  SpatializePostEffects: 0
  Priority: 128
  DopplerLevel: 1
  MinDistance: 1
  MaxDistance: 500
  Pan2D: 0
  rolloffMode: 0
  BypassEffects: 0
  BypassListenerEffects: 0
  BypassReverbZones: 0
  rolloffCustomCurve:
    serializedVersion: 2
    m_Curve:
    - serializedVersion: 3
      time: 0
      value: 1
      inSlope: 0
      outSlope: 0
      tangentMode: 0
      weightedMode: 0
      inWeight: 0.33333334
      outWeight: 0.33333334
    - serializedVersion: 3
      time: 1
      value: 0
      inSlope: 0
      outSlope: 0
      tangentMode: 0
      weightedMode: 0
      inWeight: 0.33333334
      outWeight: 0.33333334
    m_PreInfinity: 2
    m_PostInfinity: 2
    m_RotationOrder: 4
  panLevelCustomCurve:
    serializedVersion: 2
    m_Curve:
    - serializedVersion: 3
      time: 0
      value: 0
      inSlope: 0
      outSlope: 0
      tangentMode: 0
      weightedMode: 0
      inWeight: 0.33333334
      outWeight: 0.33333334
    m_PreInfinity: 2
    m_PostInfinity: 2
    m_RotationOrder: 4
  spreadCustomCurve:
    serializedVersion: 2
    m_Curve:
    - serializedVersion: 3
      time: 0
      value: 0
      inSlope: 0
      outSlope: 0
      tangentMode: 0
      weightedMode: 0
      inWeight: 0.33333334
      outWeight: 0.33333334
    m_PreInfinity: 2
    m_PostInfinity: 2
    m_RotationOrder: 4
  reverbZoneMixCustomCurve:
    serializedVersion: 2
    m_Curve:
    - serializedVersion: 3
      time: 0
      value: 1
      inSlope: 0
      outSlope: 0
      tangentMode: 0
      weightedMode: 0
      inWeight: 0.33333334
      outWeight: 0.33333334
    m_PreInfinity: 2
    m_PostInfinity: 2
    m_RotationOrder: 4
--- !u!1001 &1717382562229138036
PrefabInstance:
  m_ObjectHideFlags: 0
  serializedVersion: 2
  m_Modification:
    serializedVersion: 3
    m_TransformParent: {fileID: 5667875618620485993}
    m_Modifications:
    - target: {fileID: 2065433620043106817, guid: cb531e2692f3af7428fa70d1c49cbcfb, type: 3}
      propertyPath: 'saveAndLoadObjects.Array.data[0]'
      value: 
      objectReference: {fileID: 0}
    - target: {fileID: 5360565523669280467, guid: cb531e2692f3af7428fa70d1c49cbcfb, type: 3}
      propertyPath: m_Name
      value: Save And Load Manager
      objectReference: {fileID: 0}
    - target: {fileID: 7670963071898262964, guid: cb531e2692f3af7428fa70d1c49cbcfb, type: 3}
      propertyPath: m_RootOrder
      value: 2
      objectReference: {fileID: 0}
    - target: {fileID: 7670963071898262964, guid: cb531e2692f3af7428fa70d1c49cbcfb, type: 3}
      propertyPath: m_LocalPosition.x
      value: 0
      objectReference: {fileID: 0}
    - target: {fileID: 7670963071898262964, guid: cb531e2692f3af7428fa70d1c49cbcfb, type: 3}
      propertyPath: m_LocalPosition.y
      value: 0
      objectReference: {fileID: 0}
    - target: {fileID: 7670963071898262964, guid: cb531e2692f3af7428fa70d1c49cbcfb, type: 3}
      propertyPath: m_LocalPosition.z
      value: 0
      objectReference: {fileID: 0}
    - target: {fileID: 7670963071898262964, guid: cb531e2692f3af7428fa70d1c49cbcfb, type: 3}
      propertyPath: m_LocalRotation.w
      value: 1
      objectReference: {fileID: 0}
    - target: {fileID: 7670963071898262964, guid: cb531e2692f3af7428fa70d1c49cbcfb, type: 3}
      propertyPath: m_LocalRotation.x
      value: 0
      objectReference: {fileID: 0}
    - target: {fileID: 7670963071898262964, guid: cb531e2692f3af7428fa70d1c49cbcfb, type: 3}
      propertyPath: m_LocalRotation.y
      value: 0
      objectReference: {fileID: 0}
    - target: {fileID: 7670963071898262964, guid: cb531e2692f3af7428fa70d1c49cbcfb, type: 3}
      propertyPath: m_LocalRotation.z
      value: 0
      objectReference: {fileID: 0}
    - target: {fileID: 7670963071898262964, guid: cb531e2692f3af7428fa70d1c49cbcfb, type: 3}
      propertyPath: m_LocalEulerAnglesHint.x
      value: 0
      objectReference: {fileID: 0}
    - target: {fileID: 7670963071898262964, guid: cb531e2692f3af7428fa70d1c49cbcfb, type: 3}
      propertyPath: m_LocalEulerAnglesHint.y
      value: 0
      objectReference: {fileID: 0}
    - target: {fileID: 7670963071898262964, guid: cb531e2692f3af7428fa70d1c49cbcfb, type: 3}
      propertyPath: m_LocalEulerAnglesHint.z
      value: 0
      objectReference: {fileID: 0}
    m_RemovedComponents: []
    m_RemovedGameObjects: []
    m_AddedGameObjects: []
    m_AddedComponents: []
  m_SourcePrefab: {fileID: 100100000, guid: cb531e2692f3af7428fa70d1c49cbcfb, type: 3}
--- !u!4 &9052765293545041856 stripped
Transform:
  m_CorrespondingSourceObject: {fileID: 7670963071898262964, guid: cb531e2692f3af7428fa70d1c49cbcfb, type: 3}
  m_PrefabInstance: {fileID: 1717382562229138036}
  m_PrefabAsset: {fileID: 0}
--- !u!1001 &3468742298799007867
PrefabInstance:
  m_ObjectHideFlags: 0
  serializedVersion: 2
  m_Modification:
    serializedVersion: 3
    m_TransformParent: {fileID: 5667875618620485993}
    m_Modifications:
    - target: {fileID: 6682156823730187753, guid: c42d93008ba91b16e995cbc19f988601, type: 3}
      propertyPath: m_Name
      value: IAP Manager
      objectReference: {fileID: 0}
    - target: {fileID: 8983550469087565454, guid: c42d93008ba91b16e995cbc19f988601, type: 3}
      propertyPath: m_RootOrder
      value: 0
      objectReference: {fileID: 0}
    - target: {fileID: 8983550469087565454, guid: c42d93008ba91b16e995cbc19f988601, type: 3}
      propertyPath: m_LocalPosition.x
      value: 0
      objectReference: {fileID: 0}
    - target: {fileID: 8983550469087565454, guid: c42d93008ba91b16e995cbc19f988601, type: 3}
      propertyPath: m_LocalPosition.y
      value: 0
      objectReference: {fileID: 0}
    - target: {fileID: 8983550469087565454, guid: c42d93008ba91b16e995cbc19f988601, type: 3}
      propertyPath: m_LocalPosition.z
      value: 0
      objectReference: {fileID: 0}
    - target: {fileID: 8983550469087565454, guid: c42d93008ba91b16e995cbc19f988601, type: 3}
      propertyPath: m_LocalRotation.w
      value: 1
      objectReference: {fileID: 0}
    - target: {fileID: 8983550469087565454, guid: c42d93008ba91b16e995cbc19f988601, type: 3}
      propertyPath: m_LocalRotation.x
      value: 0
      objectReference: {fileID: 0}
    - target: {fileID: 8983550469087565454, guid: c42d93008ba91b16e995cbc19f988601, type: 3}
      propertyPath: m_LocalRotation.y
      value: 0
      objectReference: {fileID: 0}
    - target: {fileID: 8983550469087565454, guid: c42d93008ba91b16e995cbc19f988601, type: 3}
      propertyPath: m_LocalRotation.z
      value: 0
      objectReference: {fileID: 0}
    - target: {fileID: 8983550469087565454, guid: c42d93008ba91b16e995cbc19f988601, type: 3}
      propertyPath: m_LocalEulerAnglesHint.x
      value: 0
      objectReference: {fileID: 0}
    - target: {fileID: 8983550469087565454, guid: c42d93008ba91b16e995cbc19f988601, type: 3}
      propertyPath: m_LocalEulerAnglesHint.y
      value: 0
      objectReference: {fileID: 0}
    - target: {fileID: 8983550469087565454, guid: c42d93008ba91b16e995cbc19f988601, type: 3}
      propertyPath: m_LocalEulerAnglesHint.z
      value: 0
      objectReference: {fileID: 0}
    m_RemovedComponents: []
    m_RemovedGameObjects: []
    m_AddedGameObjects: []
    m_AddedComponents: []
  m_SourcePrefab: {fileID: 100100000, guid: c42d93008ba91b16e995cbc19f988601, type: 3}
--- !u!4 &5514808583411957493 stripped
Transform:
  m_CorrespondingSourceObject: {fileID: 8983550469087565454, guid: c42d93008ba91b16e995cbc19f988601, type: 3}
  m_PrefabInstance: {fileID: 3468742298799007867}
  m_PrefabAsset: {fileID: 0}
--- !u!1001 &3674732631428441863
PrefabInstance:
  m_ObjectHideFlags: 0
  serializedVersion: 2
  m_Modification:
    serializedVersion: 3
    m_TransformParent: {fileID: 5667875618620485993}
    m_Modifications:
    - target: {fileID: 6682156823730187753, guid: ae163ac3cb8e0a141a3db134676dd1e1, type: 3}
      propertyPath: m_Name
      value: Scene Manager
      objectReference: {fileID: 0}
    - target: {fileID: 8983550469087565454, guid: ae163ac3cb8e0a141a3db134676dd1e1, type: 3}
      propertyPath: m_RootOrder
      value: 3
      objectReference: {fileID: 0}
    - target: {fileID: 8983550469087565454, guid: ae163ac3cb8e0a141a3db134676dd1e1, type: 3}
      propertyPath: m_LocalPosition.x
      value: 0
      objectReference: {fileID: 0}
    - target: {fileID: 8983550469087565454, guid: ae163ac3cb8e0a141a3db134676dd1e1, type: 3}
      propertyPath: m_LocalPosition.y
      value: 0
      objectReference: {fileID: 0}
    - target: {fileID: 8983550469087565454, guid: ae163ac3cb8e0a141a3db134676dd1e1, type: 3}
      propertyPath: m_LocalPosition.z
      value: 0
      objectReference: {fileID: 0}
    - target: {fileID: 8983550469087565454, guid: ae163ac3cb8e0a141a3db134676dd1e1, type: 3}
      propertyPath: m_LocalRotation.w
      value: 1
      objectReference: {fileID: 0}
    - target: {fileID: 8983550469087565454, guid: ae163ac3cb8e0a141a3db134676dd1e1, type: 3}
      propertyPath: m_LocalRotation.x
      value: 0
      objectReference: {fileID: 0}
    - target: {fileID: 8983550469087565454, guid: ae163ac3cb8e0a141a3db134676dd1e1, type: 3}
      propertyPath: m_LocalRotation.y
      value: 0
      objectReference: {fileID: 0}
    - target: {fileID: 8983550469087565454, guid: ae163ac3cb8e0a141a3db134676dd1e1, type: 3}
      propertyPath: m_LocalRotation.z
      value: 0
      objectReference: {fileID: 0}
    - target: {fileID: 8983550469087565454, guid: ae163ac3cb8e0a141a3db134676dd1e1, type: 3}
      propertyPath: m_LocalEulerAnglesHint.x
      value: 0
      objectReference: {fileID: 0}
    - target: {fileID: 8983550469087565454, guid: ae163ac3cb8e0a141a3db134676dd1e1, type: 3}
      propertyPath: m_LocalEulerAnglesHint.y
      value: 0
      objectReference: {fileID: 0}
    - target: {fileID: 8983550469087565454, guid: ae163ac3cb8e0a141a3db134676dd1e1, type: 3}
      propertyPath: m_LocalEulerAnglesHint.z
      value: 0
      objectReference: {fileID: 0}
    m_RemovedComponents: []
    m_RemovedGameObjects: []
    m_AddedGameObjects: []
    m_AddedComponents: []
  m_SourcePrefab: {fileID: 100100000, guid: ae163ac3cb8e0a141a3db134676dd1e1, type: 3}
--- !u!4 &5644345508892127625 stripped
Transform:
  m_CorrespondingSourceObject: {fileID: 8983550469087565454, guid: ae163ac3cb8e0a141a3db134676dd1e1, type: 3}
  m_PrefabInstance: {fileID: 3674732631428441863}
  m_PrefabAsset: {fileID: 0}
--- !u!1001 &6178667275508004349
PrefabInstance:
  m_ObjectHideFlags: 0
  serializedVersion: 2
  m_Modification:
    serializedVersion: 3
    m_TransformParent: {fileID: 5667875618620485993}
    m_Modifications:
    - target: {fileID: 6682156823730187753, guid: 86044bb7fc8bb734d8d531e1fb5275ae, type: 3}
      propertyPath: m_Name
      value: Build Manager
      objectReference: {fileID: 0}
    - target: {fileID: 8983550469087565454, guid: 86044bb7fc8bb734d8d531e1fb5275ae, type: 3}
      propertyPath: m_RootOrder
      value: 0
      objectReference: {fileID: 0}
    - target: {fileID: 8983550469087565454, guid: 86044bb7fc8bb734d8d531e1fb5275ae, type: 3}
      propertyPath: m_LocalPosition.x
      value: 0
      objectReference: {fileID: 0}
    - target: {fileID: 8983550469087565454, guid: 86044bb7fc8bb734d8d531e1fb5275ae, type: 3}
      propertyPath: m_LocalPosition.y
      value: 0
      objectReference: {fileID: 0}
    - target: {fileID: 8983550469087565454, guid: 86044bb7fc8bb734d8d531e1fb5275ae, type: 3}
      propertyPath: m_LocalPosition.z
      value: 0
      objectReference: {fileID: 0}
    - target: {fileID: 8983550469087565454, guid: 86044bb7fc8bb734d8d531e1fb5275ae, type: 3}
      propertyPath: m_LocalRotation.w
      value: 1
      objectReference: {fileID: 0}
    - target: {fileID: 8983550469087565454, guid: 86044bb7fc8bb734d8d531e1fb5275ae, type: 3}
      propertyPath: m_LocalRotation.x
      value: 0
      objectReference: {fileID: 0}
    - target: {fileID: 8983550469087565454, guid: 86044bb7fc8bb734d8d531e1fb5275ae, type: 3}
      propertyPath: m_LocalRotation.y
      value: 0
      objectReference: {fileID: 0}
    - target: {fileID: 8983550469087565454, guid: 86044bb7fc8bb734d8d531e1fb5275ae, type: 3}
      propertyPath: m_LocalRotation.z
      value: 0
      objectReference: {fileID: 0}
    - target: {fileID: 8983550469087565454, guid: 86044bb7fc8bb734d8d531e1fb5275ae, type: 3}
      propertyPath: m_LocalEulerAnglesHint.x
      value: 0
      objectReference: {fileID: 0}
    - target: {fileID: 8983550469087565454, guid: 86044bb7fc8bb734d8d531e1fb5275ae, type: 3}
      propertyPath: m_LocalEulerAnglesHint.y
      value: 0
      objectReference: {fileID: 0}
    - target: {fileID: 8983550469087565454, guid: 86044bb7fc8bb734d8d531e1fb5275ae, type: 3}
      propertyPath: m_LocalEulerAnglesHint.z
      value: 0
      objectReference: {fileID: 0}
    m_RemovedComponents: []
    m_RemovedGameObjects: []
    m_AddedGameObjects: []
    m_AddedComponents: []
  m_SourcePrefab: {fileID: 100100000, guid: 86044bb7fc8bb734d8d531e1fb5275ae, type: 3}
--- !u!4 &2960257661380993907 stripped
Transform:
  m_CorrespondingSourceObject: {fileID: 8983550469087565454, guid: 86044bb7fc8bb734d8d531e1fb5275ae, type: 3}
  m_PrefabInstance: {fileID: 6178667275508004349}
  m_PrefabAsset: {fileID: 0}
--- !u!1001 &7509951435574861979
PrefabInstance:
  m_ObjectHideFlags: 0
  serializedVersion: 2
  m_Modification:
    serializedVersion: 3
    m_TransformParent: {fileID: 5667875618620485993}
    m_Modifications:
    - target: {fileID: -7229496035459303394, guid: 926c0426697a87540a77c89417a4304a, type: 3}
      propertyPath: trs
      value: 
      objectReference: {fileID: 2778971464981238258}
    - target: {fileID: 5667875618620485993, guid: 926c0426697a87540a77c89417a4304a, type: 3}
      propertyPath: m_RootOrder
      value: 1
      objectReference: {fileID: 0}
    - target: {fileID: 5667875618620485993, guid: 926c0426697a87540a77c89417a4304a, type: 3}
      propertyPath: m_LocalPosition.x
      value: 0
      objectReference: {fileID: 0}
    - target: {fileID: 5667875618620485993, guid: 926c0426697a87540a77c89417a4304a, type: 3}
      propertyPath: m_LocalPosition.y
      value: 0
      objectReference: {fileID: 0}
    - target: {fileID: 5667875618620485993, guid: 926c0426697a87540a77c89417a4304a, type: 3}
      propertyPath: m_LocalPosition.z
      value: 0
      objectReference: {fileID: 0}
    - target: {fileID: 5667875618620485993, guid: 926c0426697a87540a77c89417a4304a, type: 3}
      propertyPath: m_LocalRotation.w
      value: 1
      objectReference: {fileID: 0}
    - target: {fileID: 5667875618620485993, guid: 926c0426697a87540a77c89417a4304a, type: 3}
      propertyPath: m_LocalRotation.x
      value: 0
      objectReference: {fileID: 0}
    - target: {fileID: 5667875618620485993, guid: 926c0426697a87540a77c89417a4304a, type: 3}
      propertyPath: m_LocalRotation.y
      value: 0
      objectReference: {fileID: 0}
    - target: {fileID: 5667875618620485993, guid: 926c0426697a87540a77c89417a4304a, type: 3}
      propertyPath: m_LocalRotation.z
      value: 0
      objectReference: {fileID: 0}
    - target: {fileID: 5667875618620485993, guid: 926c0426697a87540a77c89417a4304a, type: 3}
      propertyPath: m_LocalEulerAnglesHint.x
      value: 0
      objectReference: {fileID: 0}
    - target: {fileID: 5667875618620485993, guid: 926c0426697a87540a77c89417a4304a, type: 3}
      propertyPath: m_LocalEulerAnglesHint.y
      value: 0
      objectReference: {fileID: 0}
    - target: {fileID: 5667875618620485993, guid: 926c0426697a87540a77c89417a4304a, type: 3}
      propertyPath: m_LocalEulerAnglesHint.z
      value: 0
      objectReference: {fileID: 0}
    - target: {fileID: 7978240454226954766, guid: 926c0426697a87540a77c89417a4304a, type: 3}
      propertyPath: m_Name
      value: Input Manager
      objectReference: {fileID: 0}
    m_RemovedComponents: []
    m_RemovedGameObjects: []
    m_AddedGameObjects: []
    m_AddedComponents: []
  m_SourcePrefab: {fileID: 100100000, guid: 926c0426697a87540a77c89417a4304a, type: 3}
--- !u!4 &2778971464981238258 stripped
Transform:
  m_CorrespondingSourceObject: {fileID: 5667875618620485993, guid: 926c0426697a87540a77c89417a4304a, type: 3}
  m_PrefabInstance: {fileID: 7509951435574861979}
  m_PrefabAsset: {fileID: 0}
