%YAML 1.1
%TAG !u! tag:unity3d.com,2011:
--- !u!1001 &764688891659264514
PrefabInstance:
  m_ObjectHideFlags: 0
  serializedVersion: 2
  m_Modification:
    serializedVersion: 3
    m_TransformParent: {fileID: 0}
    m_Modifications:
    - target: {fileID: 1543506614313919375, guid: e88d41a1345ed4f4aa9a335a44b2a029, type: 3}
      propertyPath: m_text
      value: Arithmetic Behaviour Too Many Children Option
      objectReference: {fileID: 0}
    - target: {fileID: 1543506614313919375, guid: e88d41a1345ed4f4aa9a335a44b2a029, type: 3}
      propertyPath: m_fontSize
      value: 0.1
      objectReference: {fileID: 0}
    - target: {fileID: 4234860750159230261, guid: e88d41a1345ed4f4aa9a335a44b2a029, type: 3}
      propertyPath: m_Name
      value: Conditional Too Many Children Behaviour Option
      objectReference: {fileID: 0}
    - target: {fileID: 4234860750159230265, guid: e88d41a1345ed4f4aa9a335a44b2a029, type: 3}
      propertyPath: m_RootOrder
      value: 0
      objectReference: {fileID: 0}
    - target: {fileID: 4234860750159230265, guid: e88d41a1345ed4f4aa9a335a44b2a029, type: 3}
      propertyPath: m_LocalPosition.x
      value: 0
      objectReference: {fileID: 0}
    - target: {fileID: 4234860750159230265, guid: e88d41a1345ed4f4aa9a335a44b2a029, type: 3}
      propertyPath: m_LocalPosition.y
      value: 0
      objectReference: {fileID: 0}
    - target: {fileID: 4234860750159230265, guid: e88d41a1345ed4f4aa9a335a44b2a029, type: 3}
      propertyPath: m_LocalPosition.z
      value: 0
      objectReference: {fileID: 0}
    - target: {fileID: 4234860750159230265, guid: e88d41a1345ed4f4aa9a335a44b2a029, type: 3}
      propertyPath: m_LocalRotation.w
      value: 1
      objectReference: {fileID: 0}
    - target: {fileID: 4234860750159230265, guid: e88d41a1345ed4f4aa9a335a44b2a029, type: 3}
      propertyPath: m_LocalRotation.x
      value: 0
      objectReference: {fileID: 0}
    - target: {fileID: 4234860750159230265, guid: e88d41a1345ed4f4aa9a335a44b2a029, type: 3}
      propertyPath: m_LocalRotation.y
      value: 0
      objectReference: {fileID: 0}
    - target: {fileID: 4234860750159230265, guid: e88d41a1345ed4f4aa9a335a44b2a029, type: 3}
      propertyPath: m_LocalRotation.z
      value: 0
      objectReference: {fileID: 0}
    - target: {fileID: 4234860750159230265, guid: e88d41a1345ed4f4aa9a335a44b2a029, type: 3}
      propertyPath: m_LocalEulerAnglesHint.x
      value: 0
      objectReference: {fileID: 0}
    - target: {fileID: 4234860750159230265, guid: e88d41a1345ed4f4aa9a335a44b2a029, type: 3}
      propertyPath: m_LocalEulerAnglesHint.y
      value: 0
      objectReference: {fileID: 0}
    - target: {fileID: 4234860750159230265, guid: e88d41a1345ed4f4aa9a335a44b2a029, type: 3}
      propertyPath: m_LocalEulerAnglesHint.z
      value: 0
      objectReference: {fileID: 0}
    - target: {fileID: 8852734040409736845, guid: e88d41a1345ed4f4aa9a335a44b2a029, type: 3}
      propertyPath: enumTypeName
      value: _EternityEngine.Option.TriggerType
      objectReference: {fileID: 0}
    - target: {fileID: 8852734040409736845, guid: e88d41a1345ed4f4aa9a335a44b2a029, type: 3}
      propertyPath: children.Array.size
      value: 30
      objectReference: {fileID: 0}
    - target: {fileID: 8852734040409736845, guid: e88d41a1345ed4f4aa9a335a44b2a029, type: 3}
      propertyPath: 'children.Array.data[0]'
      value: 
      objectReference: {fileID: 0}
    - target: {fileID: 8852734040409736845, guid: e88d41a1345ed4f4aa9a335a44b2a029, type: 3}
      propertyPath: 'children.Array.data[1]'
      value: 
      objectReference: {fileID: 0}
    - target: {fileID: 8852734040409736845, guid: e88d41a1345ed4f4aa9a335a44b2a029, type: 3}
      propertyPath: 'children.Array.data[2]'
      value: 
      objectReference: {fileID: 0}
    - target: {fileID: 8852734040409736845, guid: e88d41a1345ed4f4aa9a335a44b2a029, type: 3}
      propertyPath: 'children.Array.data[3]'
      value: 
      objectReference: {fileID: 0}
    - target: {fileID: 8852734040409736845, guid: e88d41a1345ed4f4aa9a335a44b2a029, type: 3}
      propertyPath: 'children.Array.data[4]'
      value: 
      objectReference: {fileID: 0}
    - target: {fileID: 8852734040409736845, guid: e88d41a1345ed4f4aa9a335a44b2a029, type: 3}
      propertyPath: 'children.Array.data[5]'
      value: 
      objectReference: {fileID: 0}
    - target: {fileID: 8852734040409736845, guid: e88d41a1345ed4f4aa9a335a44b2a029, type: 3}
      propertyPath: 'children.Array.data[6]'
      value: 
      objectReference: {fileID: 0}
    - target: {fileID: 8852734040409736845, guid: e88d41a1345ed4f4aa9a335a44b2a029, type: 3}
      propertyPath: 'children.Array.data[7]'
      value: 
      objectReference: {fileID: 0}
    - target: {fileID: 8852734040409736845, guid: e88d41a1345ed4f4aa9a335a44b2a029, type: 3}
      propertyPath: 'children.Array.data[8]'
      value: 
      objectReference: {fileID: 0}
    - target: {fileID: 8852734040409736845, guid: e88d41a1345ed4f4aa9a335a44b2a029, type: 3}
      propertyPath: 'children.Array.data[9]'
      value: 
      objectReference: {fileID: 0}
    - target: {fileID: 8852734040409736845, guid: e88d41a1345ed4f4aa9a335a44b2a029, type: 3}
      propertyPath: 'children.Array.data[10]'
      value: 
      objectReference: {fileID: 0}
    - target: {fileID: 8852734040409736845, guid: e88d41a1345ed4f4aa9a335a44b2a029, type: 3}
      propertyPath: 'children.Array.data[11]'
      value: 
      objectReference: {fileID: 0}
    - target: {fileID: 8852734040409736845, guid: e88d41a1345ed4f4aa9a335a44b2a029, type: 3}
      propertyPath: 'children.Array.data[12]'
      value: 
      objectReference: {fileID: 0}
    - target: {fileID: 8852734040409736845, guid: e88d41a1345ed4f4aa9a335a44b2a029, type: 3}
      propertyPath: 'children.Array.data[13]'
      value: 
      objectReference: {fileID: 0}
    - target: {fileID: 8852734040409736845, guid: e88d41a1345ed4f4aa9a335a44b2a029, type: 3}
      propertyPath: 'children.Array.data[14]'
      value: 
      objectReference: {fileID: 0}
    - target: {fileID: 8852734040409736845, guid: e88d41a1345ed4f4aa9a335a44b2a029, type: 3}
      propertyPath: 'children.Array.data[15]'
      value: 
      objectReference: {fileID: 0}
    - target: {fileID: 8852734040409736845, guid: e88d41a1345ed4f4aa9a335a44b2a029, type: 3}
      propertyPath: 'children.Array.data[16]'
      value: 
      objectReference: {fileID: 0}
    - target: {fileID: 8852734040409736845, guid: e88d41a1345ed4f4aa9a335a44b2a029, type: 3}
      propertyPath: 'children.Array.data[17]'
      value: 
      objectReference: {fileID: 0}
    - target: {fileID: 8852734040409736845, guid: e88d41a1345ed4f4aa9a335a44b2a029, type: 3}
      propertyPath: 'children.Array.data[18]'
      value: 
      objectReference: {fileID: 0}
    - target: {fileID: 8852734040409736845, guid: e88d41a1345ed4f4aa9a335a44b2a029, type: 3}
      propertyPath: 'children.Array.data[19]'
      value: 
      objectReference: {fileID: 0}
    - target: {fileID: 8852734040409736845, guid: e88d41a1345ed4f4aa9a335a44b2a029, type: 3}
      propertyPath: 'children.Array.data[20]'
      value: 
      objectReference: {fileID: 0}
    - target: {fileID: 8852734040409736845, guid: e88d41a1345ed4f4aa9a335a44b2a029, type: 3}
      propertyPath: 'children.Array.data[21]'
      value: 
      objectReference: {fileID: 0}
    - target: {fileID: 8852734040409736845, guid: e88d41a1345ed4f4aa9a335a44b2a029, type: 3}
      propertyPath: 'children.Array.data[22]'
      value: 
      objectReference: {fileID: 0}
    - target: {fileID: 8852734040409736845, guid: e88d41a1345ed4f4aa9a335a44b2a029, type: 3}
      propertyPath: 'children.Array.data[23]'
      value: 
      objectReference: {fileID: 0}
    - target: {fileID: 8852734040409736845, guid: e88d41a1345ed4f4aa9a335a44b2a029, type: 3}
      propertyPath: 'children.Array.data[24]'
      value: 
      objectReference: {fileID: 0}
    - target: {fileID: 8852734040409736845, guid: e88d41a1345ed4f4aa9a335a44b2a029, type: 3}
      propertyPath: 'children.Array.data[25]'
      value: 
      objectReference: {fileID: 0}
    - target: {fileID: 8852734040409736845, guid: e88d41a1345ed4f4aa9a335a44b2a029, type: 3}
      propertyPath: 'children.Array.data[26]'
      value: 
      objectReference: {fileID: 0}
    - target: {fileID: 8852734040409736845, guid: e88d41a1345ed4f4aa9a335a44b2a029, type: 3}
      propertyPath: 'children.Array.data[27]'
      value: 
      objectReference: {fileID: 0}
    - target: {fileID: 8852734040409736845, guid: e88d41a1345ed4f4aa9a335a44b2a029, type: 3}
      propertyPath: 'children.Array.data[28]'
      value: 
      objectReference: {fileID: 0}
    - target: {fileID: 8852734040409736845, guid: e88d41a1345ed4f4aa9a335a44b2a029, type: 3}
      propertyPath: 'children.Array.data[29]'
      value: 
      objectReference: {fileID: 0}
    m_RemovedComponents:
    - {fileID: 8852734040409736845, guid: e88d41a1345ed4f4aa9a335a44b2a029, type: 3}
    m_RemovedGameObjects: []
    m_AddedGameObjects: []
    m_AddedComponents:
    - targetCorrespondingSourceObject: {fileID: 4234860750159230261, guid: e88d41a1345ed4f4aa9a335a44b2a029, type: 3}
      insertIndex: -1
      addedObject: {fileID: 219699065029875051}
  m_SourcePrefab: {fileID: 100100000, guid: e88d41a1345ed4f4aa9a335a44b2a029, type: 3}
--- !u!1 &756007343813411675 stripped
GameObject:
  m_CorrespondingSourceObject: {fileID: 63429531420877145, guid: e88d41a1345ed4f4aa9a335a44b2a029, type: 3}
  m_PrefabInstance: {fileID: 764688891659264514}
  m_PrefabAsset: {fileID: 0}
--- !u!114 &2303339870760468877 stripped
MonoBehaviour:
  m_CorrespondingSourceObject: {fileID: 1543506614313919375, guid: e88d41a1345ed4f4aa9a335a44b2a029, type: 3}
  m_PrefabInstance: {fileID: 764688891659264514}
  m_PrefabAsset: {fileID: 0}
  m_GameObject: {fileID: 0}
  m_Enabled: 1
  m_EditorHideFlags: 0
  m_Script: {fileID: 11500000, guid: f4688fdb7df04437aeb418b961361dc5, type: 3}
  m_Name: 
  m_EditorClassIdentifier: 
--- !u!95 &3483110820501550179 stripped
Animator:
  m_CorrespondingSourceObject: {fileID: 4236416826874648161, guid: e88d41a1345ed4f4aa9a335a44b2a029, type: 3}
  m_PrefabInstance: {fileID: 764688891659264514}
  m_PrefabAsset: {fileID: 0}
--- !u!135 &3483964310633682740 stripped
SphereCollider:
  m_CorrespondingSourceObject: {fileID: 4234860750159230262, guid: e88d41a1345ed4f4aa9a335a44b2a029, type: 3}
  m_PrefabInstance: {fileID: 764688891659264514}
  m_PrefabAsset: {fileID: 0}
--- !u!23 &3483964310633682741 stripped
MeshRenderer:
  m_CorrespondingSourceObject: {fileID: 4234860750159230263, guid: e88d41a1345ed4f4aa9a335a44b2a029, type: 3}
  m_PrefabInstance: {fileID: 764688891659264514}
  m_PrefabAsset: {fileID: 0}
--- !u!1 &3483964310633682743 stripped
GameObject:
  m_CorrespondingSourceObject: {fileID: 4234860750159230261, guid: e88d41a1345ed4f4aa9a335a44b2a029, type: 3}
  m_PrefabInstance: {fileID: 764688891659264514}
  m_PrefabAsset: {fileID: 0}
--- !u!114 &219699065029875051
MonoBehaviour:
  m_ObjectHideFlags: 0
  m_CorrespondingSourceObject: {fileID: 0}
  m_PrefabInstance: {fileID: 0}
  m_PrefabAsset: {fileID: 0}
  m_GameObject: {fileID: 3483964310633682743}
  m_Enabled: 1
  m_EditorHideFlags: 0
  m_Script: {fileID: 11500000, guid: 5bfedb02728c1ba7493b5c234dd83bbc, type: 3}
  m_Name: 
  m_EditorClassIdentifier: 
  trs: {fileID: 3483964310633682747}
  prefabIndex: 86
  collidable: 1
  activatable: 1
  notActivatableColorOffset:
    redOffset:
      operation: 0
      value: -0.35
    greenOffset:
      operation: 0
      value: -0.35
    blueOffset:
      operation: 0
      value: -0.35
    alphaOffset:
      operation: 0
      value: 0
  selectedColorOffset:
    redOffset:
      operation: 0
      value: 0.25
    greenOffset:
      operation: 0
      value: 0.25
    blueOffset:
      operation: 0
      value: 0.25
    alphaOffset:
      operation: 0
      value: 0
  rigid: {fileID: 5818662166451166634}
  collider: {fileID: 3483964310633682740}
  renderer: {fileID: 3483964310633682741}
  uiTrs: {fileID: 6051234650671725687}
  textTrs: {fileID: 5482866451040051471}
  childOptionsParent: {fileID: 4166563307153820316}
  text: {fileID: 2303339870760468877}
  hasHiddenChildIndicator: {fileID: 3908191675128691661}
  hasHiddenParentIndicator: {fileID: 756007343813411675}
  justEnabled: 0
  previousJustEnabled: 0
  children: []
  parentingArrows: []
  recordingActivateInAutomationSequence: 0
  meshFilter: {fileID: 3483964310633682746}
  activateAnimationEntry:
    animatorStateName: Activate
    layer: 0
    animator: {fileID: 3483110820501550179}
  valueType: 5
  enumTypeName: _EternityEngine.ConditionalOption+TooManyChildrenBehaviour
  value: 0
  updateChildren: 0
  conditionalOption: {fileID: 0}
--- !u!33 &3483964310633682746 stripped
MeshFilter:
  m_CorrespondingSourceObject: {fileID: 4234860750159230264, guid: e88d41a1345ed4f4aa9a335a44b2a029, type: 3}
  m_PrefabInstance: {fileID: 764688891659264514}
  m_PrefabAsset: {fileID: 0}
--- !u!4 &3483964310633682747 stripped
Transform:
  m_CorrespondingSourceObject: {fileID: 4234860750159230265, guid: e88d41a1345ed4f4aa9a335a44b2a029, type: 3}
  m_PrefabInstance: {fileID: 764688891659264514}
  m_PrefabAsset: {fileID: 0}
--- !u!1 &3908191675128691661 stripped
GameObject:
  m_CorrespondingSourceObject: {fileID: 4368517897596082639, guid: e88d41a1345ed4f4aa9a335a44b2a029, type: 3}
  m_PrefabInstance: {fileID: 764688891659264514}
  m_PrefabAsset: {fileID: 0}
--- !u!4 &4166563307153820316 stripped
Transform:
  m_CorrespondingSourceObject: {fileID: 3696931095294322846, guid: e88d41a1345ed4f4aa9a335a44b2a029, type: 3}
  m_PrefabInstance: {fileID: 764688891659264514}
  m_PrefabAsset: {fileID: 0}
--- !u!224 &5482866451040051471 stripped
RectTransform:
  m_CorrespondingSourceObject: {fileID: 5083356174538998541, guid: e88d41a1345ed4f4aa9a335a44b2a029, type: 3}
  m_PrefabInstance: {fileID: 764688891659264514}
  m_PrefabAsset: {fileID: 0}
--- !u!54 &5818662166451166634 stripped
Rigidbody:
  m_CorrespondingSourceObject: {fileID: 6511274976284917672, guid: e88d41a1345ed4f4aa9a335a44b2a029, type: 3}
  m_PrefabInstance: {fileID: 764688891659264514}
  m_PrefabAsset: {fileID: 0}
--- !u!224 &6051234650671725687 stripped
RectTransform:
  m_CorrespondingSourceObject: {fileID: 6442106402979389045, guid: e88d41a1345ed4f4aa9a335a44b2a029, type: 3}
  m_PrefabInstance: {fileID: 764688891659264514}
  m_PrefabAsset: {fileID: 0}
